%YAML 1.1
%TAG !u! tag:unity3d.com,2011:
--- !u!29 &1
OcclusionCullingSettings:
  m_ObjectHideFlags: 0
  serializedVersion: 2
  m_OcclusionBakeSettings:
    smallestOccluder: 5
    smallestHole: 0.25
    backfaceThreshold: 100
  m_SceneGUID: 00000000000000000000000000000000
  m_OcclusionCullingData: {fileID: 0}
--- !u!104 &2
RenderSettings:
  m_ObjectHideFlags: 0
  serializedVersion: 9
  m_Fog: 0
  m_FogColor: {r: 0.5, g: 0.5, b: 0.5, a: 1}
  m_FogMode: 3
  m_FogDensity: 0.01
  m_LinearFogStart: 0
  m_LinearFogEnd: 300
  m_AmbientSkyColor: {r: 0.212, g: 0.227, b: 0.259, a: 1}
  m_AmbientEquatorColor: {r: 0.114, g: 0.125, b: 0.133, a: 1}
  m_AmbientGroundColor: {r: 0.047, g: 0.043, b: 0.035, a: 1}
  m_AmbientIntensity: 1
  m_AmbientMode: 0
  m_SubtractiveShadowColor: {r: 0.42, g: 0.478, b: 0.627, a: 1}
  m_SkyboxMaterial: {fileID: 2100000, guid: b6a3f8bca2c865243929bac258c89b96, type: 2}
  m_HaloStrength: 0.5
  m_FlareStrength: 1
  m_FlareFadeSpeed: 3
  m_HaloTexture: {fileID: 0}
  m_SpotCookie: {fileID: 10001, guid: 0000000000000000e000000000000000, type: 0}
  m_DefaultReflectionMode: 0
  m_DefaultReflectionResolution: 128
  m_ReflectionBounces: 1
  m_ReflectionIntensity: 1
  m_CustomReflection: {fileID: 0}
  m_Sun: {fileID: 0}
  m_IndirectSpecularColor: {r: 0, g: 0, b: 0, a: 1}
  m_UseRadianceAmbientProbe: 0
--- !u!157 &3
LightmapSettings:
  m_ObjectHideFlags: 0
  serializedVersion: 11
  m_GIWorkflowMode: 1
  m_GISettings:
    serializedVersion: 2
    m_BounceScale: 1
    m_IndirectOutputScale: 1
    m_AlbedoBoost: 1
    m_EnvironmentLightingMode: 0
    m_EnableBakedLightmaps: 1
    m_EnableRealtimeLightmaps: 0
  m_LightmapEditorSettings:
    serializedVersion: 12
    m_Resolution: 2
    m_BakeResolution: 40
    m_AtlasSize: 1024
    m_AO: 0
    m_AOMaxDistance: 1
    m_CompAOExponent: 1
    m_CompAOExponentDirect: 0
    m_ExtractAmbientOcclusion: 0
    m_Padding: 2
    m_LightmapParameters: {fileID: 0}
    m_LightmapsBakeMode: 1
    m_TextureCompression: 1
    m_FinalGather: 0
    m_FinalGatherFiltering: 1
    m_FinalGatherRayCount: 256
    m_ReflectionCompression: 2
    m_MixedBakeMode: 2
    m_BakeBackend: 1
    m_PVRSampling: 1
    m_PVRDirectSampleCount: 32
    m_PVRSampleCount: 512
    m_PVRBounces: 2
    m_PVREnvironmentSampleCount: 256
    m_PVREnvironmentReferencePointCount: 2048
    m_PVRFilteringMode: 1
    m_PVRDenoiserTypeDirect: 1
    m_PVRDenoiserTypeIndirect: 1
    m_PVRDenoiserTypeAO: 1
    m_PVRFilterTypeDirect: 0
    m_PVRFilterTypeIndirect: 0
    m_PVRFilterTypeAO: 0
    m_PVREnvironmentMIS: 1
    m_PVRCulling: 1
    m_PVRFilteringGaussRadiusDirect: 1
    m_PVRFilteringGaussRadiusIndirect: 5
    m_PVRFilteringGaussRadiusAO: 2
    m_PVRFilteringAtrousPositionSigmaDirect: 0.5
    m_PVRFilteringAtrousPositionSigmaIndirect: 2
    m_PVRFilteringAtrousPositionSigmaAO: 1
    m_ExportTrainingData: 0
    m_TrainingDataDestination: TrainingData
  m_LightingDataAsset: {fileID: 0}
  m_UseShadowmask: 1
--- !u!196 &4
NavMeshSettings:
  serializedVersion: 2
  m_ObjectHideFlags: 0
  m_BuildSettings:
    serializedVersion: 2
    agentTypeID: 0
    agentRadius: 0.5
    agentHeight: 2
    agentSlope: 45
    agentClimb: 0.4
    ledgeDropHeight: 0
    maxJumpAcrossDistance: 0
    minRegionArea: 2
    manualCellSize: 0
    cellSize: 0.16666667
    manualTileSize: 0
    tileSize: 256
    accuratePlacement: 0
    debug:
      m_Flags: 0
  m_NavMeshData: {fileID: 0}
--- !u!1001 &3218394
PrefabInstance:
  m_ObjectHideFlags: 0
  serializedVersion: 2
  m_Modification:
    m_TransformParent: {fileID: 0}
    m_Modifications:
    - target: {fileID: 190050, guid: 86efa09e7ff545d489d4f105e7c453d5, type: 3}
      propertyPath: m_Name
      value: 'Snow '
      objectReference: {fileID: 0}
    - target: {fileID: 413178, guid: 86efa09e7ff545d489d4f105e7c453d5, type: 3}
      propertyPath: m_LocalPosition.x
      value: 3.87
      objectReference: {fileID: 0}
    - target: {fileID: 413178, guid: 86efa09e7ff545d489d4f105e7c453d5, type: 3}
      propertyPath: m_LocalPosition.y
      value: 7.26
      objectReference: {fileID: 0}
    - target: {fileID: 413178, guid: 86efa09e7ff545d489d4f105e7c453d5, type: 3}
      propertyPath: m_LocalPosition.z
      value: 14.56
      objectReference: {fileID: 0}
    - target: {fileID: 413178, guid: 86efa09e7ff545d489d4f105e7c453d5, type: 3}
      propertyPath: m_LocalRotation.x
      value: 0.7071068
      objectReference: {fileID: 0}
    - target: {fileID: 413178, guid: 86efa09e7ff545d489d4f105e7c453d5, type: 3}
      propertyPath: m_LocalRotation.y
      value: 0
      objectReference: {fileID: 0}
    - target: {fileID: 413178, guid: 86efa09e7ff545d489d4f105e7c453d5, type: 3}
      propertyPath: m_LocalRotation.z
      value: 0
      objectReference: {fileID: 0}
    - target: {fileID: 413178, guid: 86efa09e7ff545d489d4f105e7c453d5, type: 3}
      propertyPath: m_LocalRotation.w
      value: 0.7071067
      objectReference: {fileID: 0}
    - target: {fileID: 413178, guid: 86efa09e7ff545d489d4f105e7c453d5, type: 3}
      propertyPath: m_RootOrder
      value: 16
      objectReference: {fileID: 0}
    - target: {fileID: 413178, guid: 86efa09e7ff545d489d4f105e7c453d5, type: 3}
      propertyPath: m_LocalEulerAnglesHint.x
      value: 0
      objectReference: {fileID: 0}
    - target: {fileID: 413178, guid: 86efa09e7ff545d489d4f105e7c453d5, type: 3}
      propertyPath: m_LocalEulerAnglesHint.y
      value: 0
      objectReference: {fileID: 0}
    - target: {fileID: 413178, guid: 86efa09e7ff545d489d4f105e7c453d5, type: 3}
      propertyPath: m_LocalEulerAnglesHint.z
      value: 0
      objectReference: {fileID: 0}
    - target: {fileID: 19892152, guid: 86efa09e7ff545d489d4f105e7c453d5, type: 3}
      propertyPath: InitialModule.startSizeY.minMaxState
      value: 2
      objectReference: {fileID: 0}
    - target: {fileID: 19892152, guid: 86efa09e7ff545d489d4f105e7c453d5, type: 3}
      propertyPath: InitialModule.startSizeZ.minMaxState
      value: 2
      objectReference: {fileID: 0}
    - target: {fileID: 19892152, guid: 86efa09e7ff545d489d4f105e7c453d5, type: 3}
      propertyPath: InitialModule.startColor.maxColor.r
      value: 0
      objectReference: {fileID: 0}
    - target: {fileID: 19892152, guid: 86efa09e7ff545d489d4f105e7c453d5, type: 3}
      propertyPath: InitialModule.startColor.maxColor.g
      value: 0.9528302
      objectReference: {fileID: 0}
    - target: {fileID: 19892152, guid: 86efa09e7ff545d489d4f105e7c453d5, type: 3}
      propertyPath: InitialModule.startColor.maxColor.b
      value: 0.93681663
      objectReference: {fileID: 0}
    - target: {fileID: 19892152, guid: 86efa09e7ff545d489d4f105e7c453d5, type: 3}
      propertyPath: EmissionModule.enabled
      value: 1
      objectReference: {fileID: 0}
    - target: {fileID: 19892152, guid: 86efa09e7ff545d489d4f105e7c453d5, type: 3}
      propertyPath: ShapeModule.enabled
      value: 1
      objectReference: {fileID: 0}
    - target: {fileID: 19892152, guid: 86efa09e7ff545d489d4f105e7c453d5, type: 3}
      propertyPath: ExternalForcesModule.enabled
      value: 1
      objectReference: {fileID: 0}
    - target: {fileID: 19892152, guid: 86efa09e7ff545d489d4f105e7c453d5, type: 3}
      propertyPath: InitialModule.rotation3D
      value: 0
      objectReference: {fileID: 0}
    - target: {fileID: 19980568, guid: 86efa09e7ff545d489d4f105e7c453d5, type: 3}
      propertyPath: m_Materials.Array.data[0]
      value: 
      objectReference: {fileID: 2100000, guid: 5c419900d69c7054882b669f8b768ab0, type: 2}
    - target: {fileID: 19980568, guid: 86efa09e7ff545d489d4f105e7c453d5, type: 3}
      propertyPath: m_Materials.Array.data[1]
      value: 
      objectReference: {fileID: 2100000, guid: 5c419900d69c7054882b669f8b768ab0, type: 2}
    - target: {fileID: 19980568, guid: 86efa09e7ff545d489d4f105e7c453d5, type: 3}
      propertyPath: m_Enabled
      value: 1
      objectReference: {fileID: 0}
    - target: {fileID: 19885238, guid: 86efa09e7ff545d489d4f105e7c453d5, type: 3}
      propertyPath: InitialModule.startSizeY.minMaxState
      value: 3
      objectReference: {fileID: 0}
    - target: {fileID: 19885238, guid: 86efa09e7ff545d489d4f105e7c453d5, type: 3}
      propertyPath: InitialModule.startSizeZ.minMaxState
      value: 3
      objectReference: {fileID: 0}
    m_RemovedComponents: []
  m_SourcePrefab: {fileID: 100100000, guid: 86efa09e7ff545d489d4f105e7c453d5, type: 3}
--- !u!1001 &100020354
PrefabInstance:
  m_ObjectHideFlags: 0
  serializedVersion: 2
  m_Modification:
    m_TransformParent: {fileID: 1012717787}
    m_Modifications:
    - target: {fileID: -927199367670048503, guid: 1fa6c78ff68b9bc45ab9cdd7d4dd3a7e,
        type: 3}
      propertyPath: m_Name
      value: Open_Violation
      objectReference: {fileID: 0}
    - target: {fileID: -4216859302048453862, guid: 1fa6c78ff68b9bc45ab9cdd7d4dd3a7e,
        type: 3}
      propertyPath: m_LocalPosition.x
      value: 0.328
      objectReference: {fileID: 0}
    - target: {fileID: -4216859302048453862, guid: 1fa6c78ff68b9bc45ab9cdd7d4dd3a7e,
        type: 3}
      propertyPath: m_LocalPosition.y
      value: -0.1064706
      objectReference: {fileID: 0}
    - target: {fileID: -4216859302048453862, guid: 1fa6c78ff68b9bc45ab9cdd7d4dd3a7e,
        type: 3}
      propertyPath: m_LocalPosition.z
      value: 0
      objectReference: {fileID: 0}
    - target: {fileID: -4216859302048453862, guid: 1fa6c78ff68b9bc45ab9cdd7d4dd3a7e,
        type: 3}
      propertyPath: m_LocalRotation.x
      value: 1
      objectReference: {fileID: 0}
    - target: {fileID: -4216859302048453862, guid: 1fa6c78ff68b9bc45ab9cdd7d4dd3a7e,
        type: 3}
      propertyPath: m_LocalRotation.y
      value: -0
      objectReference: {fileID: 0}
    - target: {fileID: -4216859302048453862, guid: 1fa6c78ff68b9bc45ab9cdd7d4dd3a7e,
        type: 3}
      propertyPath: m_LocalRotation.z
      value: -0
      objectReference: {fileID: 0}
    - target: {fileID: -4216859302048453862, guid: 1fa6c78ff68b9bc45ab9cdd7d4dd3a7e,
        type: 3}
      propertyPath: m_LocalRotation.w
      value: 0
      objectReference: {fileID: 0}
    - target: {fileID: -4216859302048453862, guid: 1fa6c78ff68b9bc45ab9cdd7d4dd3a7e,
        type: 3}
      propertyPath: m_RootOrder
      value: 0
      objectReference: {fileID: 0}
    - target: {fileID: -4216859302048453862, guid: 1fa6c78ff68b9bc45ab9cdd7d4dd3a7e,
        type: 3}
      propertyPath: m_LocalEulerAnglesHint.x
      value: 0
      objectReference: {fileID: 0}
    - target: {fileID: -4216859302048453862, guid: 1fa6c78ff68b9bc45ab9cdd7d4dd3a7e,
        type: 3}
      propertyPath: m_LocalEulerAnglesHint.y
      value: 180
      objectReference: {fileID: 0}
    - target: {fileID: -4216859302048453862, guid: 1fa6c78ff68b9bc45ab9cdd7d4dd3a7e,
        type: 3}
      propertyPath: m_LocalEulerAnglesHint.z
      value: 0
      objectReference: {fileID: 0}
    - target: {fileID: -4216859302048453862, guid: 1fa6c78ff68b9bc45ab9cdd7d4dd3a7e,
        type: 3}
      propertyPath: m_LocalScale.x
      value: 0.07236258
      objectReference: {fileID: 0}
    - target: {fileID: -4216859302048453862, guid: 1fa6c78ff68b9bc45ab9cdd7d4dd3a7e,
        type: 3}
      propertyPath: m_LocalScale.y
      value: 0.0829757
      objectReference: {fileID: 0}
    - target: {fileID: -4216859302048453862, guid: 1fa6c78ff68b9bc45ab9cdd7d4dd3a7e,
        type: 3}
      propertyPath: m_LocalScale.z
      value: 0.05
      objectReference: {fileID: 0}
    - target: {fileID: -1504981713932161579, guid: 1fa6c78ff68b9bc45ab9cdd7d4dd3a7e,
        type: 3}
      propertyPath: m_Materials.Array.data[0]
      value: 
      objectReference: {fileID: 2100000, guid: 2586ec9ab3cf2984c88f1d624bd8b361, type: 2}
    m_RemovedComponents: []
  m_SourcePrefab: {fileID: 100100000, guid: 1fa6c78ff68b9bc45ab9cdd7d4dd3a7e, type: 3}
--- !u!4 &100020355 stripped
Transform:
  m_CorrespondingSourceObject: {fileID: -4216859302048453862, guid: 1fa6c78ff68b9bc45ab9cdd7d4dd3a7e,
    type: 3}
  m_PrefabInstance: {fileID: 100020354}
  m_PrefabAsset: {fileID: 0}
--- !u!1 &196138701
GameObject:
  m_ObjectHideFlags: 0
  m_CorrespondingSourceObject: {fileID: 0}
  m_PrefabInstance: {fileID: 0}
  m_PrefabAsset: {fileID: 0}
  serializedVersion: 6
  m_Component:
  - component: {fileID: 196138705}
  - component: {fileID: 196138704}
  - component: {fileID: 196138703}
  - component: {fileID: 196138702}
  - component: {fileID: 196138706}
  m_Layer: 0
  m_Name: Productivity_Panel
  m_TagString: Untagged
  m_Icon: {fileID: 0}
  m_NavMeshLayer: 0
  m_StaticEditorFlags: 0
  m_IsActive: 1
--- !u!65 &196138702
BoxCollider:
  m_ObjectHideFlags: 0
  m_CorrespondingSourceObject: {fileID: 0}
  m_PrefabInstance: {fileID: 0}
  m_PrefabAsset: {fileID: 0}
  m_GameObject: {fileID: 196138701}
  m_Material: {fileID: 0}
  m_IsTrigger: 0
  m_Enabled: 1
  serializedVersion: 2
  m_Size: {x: 1, y: 1, z: 1}
  m_Center: {x: 0, y: 0, z: 0}
--- !u!23 &196138703
MeshRenderer:
  m_ObjectHideFlags: 0
  m_CorrespondingSourceObject: {fileID: 0}
  m_PrefabInstance: {fileID: 0}
  m_PrefabAsset: {fileID: 0}
  m_GameObject: {fileID: 196138701}
  m_Enabled: 1
  m_CastShadows: 1
  m_ReceiveShadows: 1
  m_DynamicOccludee: 1
  m_MotionVectors: 1
  m_LightProbeUsage: 1
  m_ReflectionProbeUsage: 1
  m_RayTracingMode: 2
  m_RenderingLayerMask: 1
  m_RendererPriority: 0
  m_Materials:
  - {fileID: 2100000, guid: c551de7e92854f048baf1375d6ec1fce, type: 2}
  m_StaticBatchInfo:
    firstSubMesh: 0
    subMeshCount: 0
  m_StaticBatchRoot: {fileID: 0}
  m_ProbeAnchor: {fileID: 0}
  m_LightProbeVolumeOverride: {fileID: 0}
  m_ScaleInLightmap: 1
  m_ReceiveGI: 1
  m_PreserveUVs: 0
  m_IgnoreNormalsForChartDetection: 0
  m_ImportantGI: 0
  m_StitchLightmapSeams: 1
  m_SelectedEditorRenderState: 3
  m_MinimumChartSize: 4
  m_AutoUVMaxDistance: 0.5
  m_AutoUVMaxAngle: 89
  m_LightmapParameters: {fileID: 0}
  m_SortingLayerID: 0
  m_SortingLayer: 0
  m_SortingOrder: 0
--- !u!33 &196138704
MeshFilter:
  m_ObjectHideFlags: 0
  m_CorrespondingSourceObject: {fileID: 0}
  m_PrefabInstance: {fileID: 0}
  m_PrefabAsset: {fileID: 0}
  m_GameObject: {fileID: 196138701}
  m_Mesh: {fileID: 10202, guid: 0000000000000000e000000000000000, type: 0}
--- !u!4 &196138705
Transform:
  m_ObjectHideFlags: 0
  m_CorrespondingSourceObject: {fileID: 0}
  m_PrefabInstance: {fileID: 0}
  m_PrefabAsset: {fileID: 0}
  m_GameObject: {fileID: 196138701}
  m_LocalRotation: {x: 0, y: 0, z: 1, w: 0}
  m_LocalPosition: {x: 3.87, y: 2.48, z: 16}
  m_LocalScale: {x: 9.5, y: 7, z: 0.01}
  m_Children:
  - {fileID: 1074046797}
  - {fileID: 230818615}
  m_Father: {fileID: 0}
  m_RootOrder: 8
  m_LocalEulerAnglesHint: {x: 0, y: 0, z: 180}
--- !u!114 &196138706
MonoBehaviour:
  m_ObjectHideFlags: 0
  m_CorrespondingSourceObject: {fileID: 0}
  m_PrefabInstance: {fileID: 0}
  m_PrefabAsset: {fileID: 0}
  m_GameObject: {fileID: 196138701}
  m_Enabled: 1
  m_EditorHideFlags: 0
  m_Script: {fileID: 11500000, guid: ba48c2fb9265b6649a34266d031570c4, type: 3}
  m_Name: 
  m_EditorClassIdentifier: 
  pro_Value: {fileID: 230818613}
--- !u!1 &230818612
GameObject:
  m_ObjectHideFlags: 0
  m_CorrespondingSourceObject: {fileID: 0}
  m_PrefabInstance: {fileID: 0}
  m_PrefabAsset: {fileID: 0}
  serializedVersion: 6
  m_Component:
  - component: {fileID: 230818615}
  - component: {fileID: 230818614}
  - component: {fileID: 230818613}
  m_Layer: 0
  m_Name: Productivity_Value
  m_TagString: Untagged
  m_Icon: {fileID: 0}
  m_NavMeshLayer: 0
  m_StaticEditorFlags: 0
  m_IsActive: 1
--- !u!102 &230818613
TextMesh:
  serializedVersion: 3
  m_ObjectHideFlags: 0
  m_CorrespondingSourceObject: {fileID: 0}
  m_PrefabInstance: {fileID: 0}
  m_PrefabAsset: {fileID: 0}
  m_GameObject: {fileID: 230818612}
  m_Text: 
  m_OffsetZ: 0
  m_CharacterSize: 1
  m_LineSpacing: 1
  m_Anchor: 0
  m_Alignment: 0
  m_TabSize: 4
  m_FontSize: 0
  m_FontStyle: 0
  m_RichText: 1
  m_Font: {fileID: 10102, guid: 0000000000000000e000000000000000, type: 0}
  m_Color:
    serializedVersion: 2
    rgba: 4294046464
--- !u!23 &230818614
MeshRenderer:
  m_ObjectHideFlags: 0
  m_CorrespondingSourceObject: {fileID: 0}
  m_PrefabInstance: {fileID: 0}
  m_PrefabAsset: {fileID: 0}
  m_GameObject: {fileID: 230818612}
  m_Enabled: 1
  m_CastShadows: 1
  m_ReceiveShadows: 1
  m_DynamicOccludee: 1
  m_MotionVectors: 1
  m_LightProbeUsage: 1
  m_ReflectionProbeUsage: 1
  m_RayTracingMode: 2
  m_RenderingLayerMask: 1
  m_RendererPriority: 0
  m_Materials:
  - {fileID: 10100, guid: 0000000000000000e000000000000000, type: 0}
  m_StaticBatchInfo:
    firstSubMesh: 0
    subMeshCount: 0
  m_StaticBatchRoot: {fileID: 0}
  m_ProbeAnchor: {fileID: 0}
  m_LightProbeVolumeOverride: {fileID: 0}
  m_ScaleInLightmap: 1
  m_ReceiveGI: 1
  m_PreserveUVs: 0
  m_IgnoreNormalsForChartDetection: 0
  m_ImportantGI: 0
  m_StitchLightmapSeams: 1
  m_SelectedEditorRenderState: 3
  m_MinimumChartSize: 4
  m_AutoUVMaxDistance: 0.5
  m_AutoUVMaxAngle: 89
  m_LightmapParameters: {fileID: 0}
  m_SortingLayerID: 0
  m_SortingLayer: 0
  m_SortingOrder: 0
--- !u!4 &230818615
Transform:
  m_ObjectHideFlags: 0
  m_CorrespondingSourceObject: {fileID: 0}
  m_PrefabInstance: {fileID: 0}
  m_PrefabAsset: {fileID: 0}
  m_GameObject: {fileID: 230818612}
  m_LocalRotation: {x: -0, y: -0, z: -1, w: 0}
  m_LocalPosition: {x: 0.022, y: -0.00571428, z: 0}
  m_LocalScale: {x: 0.053012624, y: 0.067791425, z: 1}
  m_Children: []
  m_Father: {fileID: 196138705}
  m_RootOrder: 1
  m_LocalEulerAnglesHint: {x: 0, y: 0, z: 0}
--- !u!1001 &350102820
PrefabInstance:
  m_ObjectHideFlags: 0
  serializedVersion: 2
  m_Modification:
    m_TransformParent: {fileID: 0}
    m_Modifications:
    - target: {fileID: 153878, guid: 7a135b1a2cb9c8f488d4dd00c55ab283, type: 3}
      propertyPath: m_Name
      value: Teleporting (1)
      objectReference: {fileID: 0}
    - target: {fileID: 475244, guid: 7a135b1a2cb9c8f488d4dd00c55ab283, type: 3}
      propertyPath: m_LocalPosition.x
      value: -3.220753
      objectReference: {fileID: 0}
    - target: {fileID: 475244, guid: 7a135b1a2cb9c8f488d4dd00c55ab283, type: 3}
      propertyPath: m_LocalPosition.y
      value: 1.4478033
      objectReference: {fileID: 0}
    - target: {fileID: 475244, guid: 7a135b1a2cb9c8f488d4dd00c55ab283, type: 3}
      propertyPath: m_LocalPosition.z
      value: -0.8365164
      objectReference: {fileID: 0}
    - target: {fileID: 475244, guid: 7a135b1a2cb9c8f488d4dd00c55ab283, type: 3}
      propertyPath: m_LocalRotation.x
      value: -0
      objectReference: {fileID: 0}
    - target: {fileID: 475244, guid: 7a135b1a2cb9c8f488d4dd00c55ab283, type: 3}
      propertyPath: m_LocalRotation.y
      value: -0
      objectReference: {fileID: 0}
    - target: {fileID: 475244, guid: 7a135b1a2cb9c8f488d4dd00c55ab283, type: 3}
      propertyPath: m_LocalRotation.z
      value: -0
      objectReference: {fileID: 0}
    - target: {fileID: 475244, guid: 7a135b1a2cb9c8f488d4dd00c55ab283, type: 3}
      propertyPath: m_LocalRotation.w
      value: 1
      objectReference: {fileID: 0}
    - target: {fileID: 475244, guid: 7a135b1a2cb9c8f488d4dd00c55ab283, type: 3}
      propertyPath: m_RootOrder
      value: 3
      objectReference: {fileID: 0}
    - target: {fileID: 475244, guid: 7a135b1a2cb9c8f488d4dd00c55ab283, type: 3}
      propertyPath: m_LocalEulerAnglesHint.x
      value: 0
      objectReference: {fileID: 0}
    - target: {fileID: 475244, guid: 7a135b1a2cb9c8f488d4dd00c55ab283, type: 3}
      propertyPath: m_LocalEulerAnglesHint.y
      value: 0
      objectReference: {fileID: 0}
    - target: {fileID: 475244, guid: 7a135b1a2cb9c8f488d4dd00c55ab283, type: 3}
      propertyPath: m_LocalEulerAnglesHint.z
      value: 0
      objectReference: {fileID: 0}
    m_RemovedComponents: []
  m_SourcePrefab: {fileID: 100100000, guid: 7a135b1a2cb9c8f488d4dd00c55ab283, type: 3}
--- !u!21 &489745298
Material:
  serializedVersion: 6
  m_ObjectHideFlags: 0
  m_CorrespondingSourceObject: {fileID: 0}
  m_PrefabInstance: {fileID: 0}
  m_PrefabAsset: {fileID: 0}
  m_Name: Sprites/Default
  m_Shader: {fileID: 10753, guid: 0000000000000000f000000000000000, type: 0}
  m_ShaderKeywords: 
  m_LightmapFlags: 4
  m_EnableInstancingVariants: 0
  m_DoubleSidedGI: 0
  m_CustomRenderQueue: -1
  stringTagMap: {}
  disabledShaderPasses: []
  m_SavedProperties:
    serializedVersion: 3
    m_TexEnvs:
    - _AlphaTex:
        m_Texture: {fileID: 0}
        m_Scale: {x: 1, y: 1}
        m_Offset: {x: 0, y: 0}
    - _MainTex:
        m_Texture: {fileID: 0}
        m_Scale: {x: 1, y: 1}
        m_Offset: {x: 0, y: 0}
    m_Floats:
    - PixelSnap: 0
    - _EnableExternalAlpha: 0
    m_Colors:
    - _Color: {r: 1, g: 1, b: 1, a: 1}
    - _Flip: {r: 1, g: 1, b: 1, a: 1}
    - _RendererColor: {r: 1, g: 1, b: 1, a: 1}
--- !u!1 &542563205
GameObject:
  m_ObjectHideFlags: 0
  m_CorrespondingSourceObject: {fileID: 0}
  m_PrefabInstance: {fileID: 0}
  m_PrefabAsset: {fileID: 0}
  serializedVersion: 6
  m_Component:
  - component: {fileID: 542563207}
  - component: {fileID: 542563206}
  m_Layer: 0
  m_Name: Directional Light
  m_TagString: Untagged
  m_Icon: {fileID: 0}
  m_NavMeshLayer: 0
  m_StaticEditorFlags: 0
  m_IsActive: 1
--- !u!108 &542563206
Light:
  m_ObjectHideFlags: 0
  m_CorrespondingSourceObject: {fileID: 0}
  m_PrefabInstance: {fileID: 0}
  m_PrefabAsset: {fileID: 0}
  m_GameObject: {fileID: 542563205}
  m_Enabled: 1
  serializedVersion: 9
  m_Type: 1
  m_Color: {r: 1, g: 0.95686275, b: 0.8392157, a: 1}
  m_Intensity: 1
  m_Range: 10
  m_SpotAngle: 30
  m_InnerSpotAngle: 21.80208
  m_CookieSize: 10
  m_Shadows:
    m_Type: 2
    m_Resolution: -1
    m_CustomResolution: -1
    m_Strength: 1
    m_Bias: 0.05
    m_NormalBias: 0.4
    m_NearPlane: 0.2
    m_CullingMatrixOverride:
      e00: 1
      e01: 0
      e02: 0
      e03: 0
      e10: 0
      e11: 1
      e12: 0
      e13: 0
      e20: 0
      e21: 0
      e22: 1
      e23: 0
      e30: 0
      e31: 0
      e32: 0
      e33: 1
    m_UseCullingMatrixOverride: 0
  m_Cookie: {fileID: 0}
  m_DrawHalo: 0
  m_Flare: {fileID: 0}
  m_RenderMode: 0
  m_CullingMask:
    serializedVersion: 2
    m_Bits: 4294967295
  m_RenderingLayerMask: 1
  m_Lightmapping: 4
  m_LightShadowCasterMode: 0
  m_AreaSize: {x: 1, y: 1}
  m_BounceIntensity: 1
  m_ColorTemperature: 6570
  m_UseColorTemperature: 0
  m_BoundingSphereOverride: {x: 0, y: 0, z: 0, w: 0}
  m_UseBoundingSphereOverride: 0
  m_ShadowRadius: 0
  m_ShadowAngle: 0
--- !u!4 &542563207
Transform:
  m_ObjectHideFlags: 0
  m_CorrespondingSourceObject: {fileID: 0}
  m_PrefabInstance: {fileID: 0}
  m_PrefabAsset: {fileID: 0}
  m_GameObject: {fileID: 542563205}
  m_LocalRotation: {x: 0.40821788, y: -0.23456968, z: 0.10938163, w: 0.8754261}
  m_LocalPosition: {x: 0, y: 3, z: 0}
  m_LocalScale: {x: 1, y: 1, z: 1}
  m_Children: []
  m_Father: {fileID: 0}
  m_RootOrder: 0
  m_LocalEulerAnglesHint: {x: 50, y: -30, z: 0}
--- !u!43 &615522691
Mesh:
  m_ObjectHideFlags: 0
  m_CorrespondingSourceObject: {fileID: 0}
  m_PrefabInstance: {fileID: 0}
  m_PrefabAsset: {fileID: 0}
  m_Name: 
  serializedVersion: 10
  m_SubMeshes:
  - serializedVersion: 2
    firstByte: 0
    indexCount: 24
    topology: 0
    baseVertex: 0
    firstVertex: 0
    vertexCount: 8
    localAABB:
      m_Center: {x: 0, y: 0.01, z: 0}
      m_Extent: {x: 1.65, y: 0, z: 1.275}
  m_Shapes:
    vertices: []
    shapes: []
    channels: []
    fullWeights: []
  m_BindPose: []
  m_BoneNameHashes: 
  m_RootBoneNameHash: 0
  m_BonesAABB: []
  m_VariableBoneCountWeights:
    m_Data: 
  m_MeshCompression: 0
  m_IsReadable: 1
  m_KeepVertices: 1
  m_KeepIndices: 1
  m_IndexFormat: 0
  m_IndexBuffer: 000004000100010004000500010005000200020005000600020006000300030006000700030007000000000007000400
  m_VertexData:
    serializedVersion: 3
    m_VertexCount: 8
    m_Channels:
    - stream: 0
      offset: 0
      format: 0
      dimension: 3
    - stream: 0
      offset: 0
      format: 0
      dimension: 0
    - stream: 0
      offset: 0
      format: 0
      dimension: 0
    - stream: 0
      offset: 12
      format: 0
      dimension: 4
    - stream: 0
      offset: 28
      format: 0
      dimension: 2
    - stream: 0
      offset: 0
      format: 0
      dimension: 0
    - stream: 0
      offset: 0
      format: 0
      dimension: 0
    - stream: 0
      offset: 0
      format: 0
      dimension: 0
    - stream: 0
      offset: 0
      format: 0
      dimension: 0
    - stream: 0
      offset: 0
      format: 0
      dimension: 0
    - stream: 0
      offset: 0
      format: 0
      dimension: 0
    - stream: 0
      offset: 0
      format: 0
      dimension: 0
    - stream: 0
      offset: 0
      format: 0
      dimension: 0
    - stream: 0
      offset: 0
      format: 0
      dimension: 0
    m_DataSize: 288
    _typelessdata: 0000c03f0ad7233c000090bf000000000000803f0000803f0000803f00000000000000000000c0bf0ad7233c000090bf000000000000803f0000803f0000803f0000803f000000000000c0bf0ad7233c0000903f000000000000803f0000803f0000803f00000000000000000000c03f0ad7233c0000903f000000000000803f0000803f0000803f0000803f000000003333d33f0ad7233c3333a3bf000000000000803f0000803f00000000000000000000803f3333d3bf0ad7233c3333a3bf000000000000803f0000803f000000000000803f0000803f3333d3bf0ad7233c3333a33f000000000000803f0000803f00000000000000000000803f3333d33f0ad7233c3333a33f000000000000803f0000803f000000000000803f0000803f
  m_CompressedMesh:
    m_Vertices:
      m_NumItems: 0
      m_Range: 0
      m_Start: 0
      m_Data: 
      m_BitSize: 0
    m_UV:
      m_NumItems: 0
      m_Range: 0
      m_Start: 0
      m_Data: 
      m_BitSize: 0
    m_Normals:
      m_NumItems: 0
      m_Range: 0
      m_Start: 0
      m_Data: 
      m_BitSize: 0
    m_Tangents:
      m_NumItems: 0
      m_Range: 0
      m_Start: 0
      m_Data: 
      m_BitSize: 0
    m_Weights:
      m_NumItems: 0
      m_Data: 
      m_BitSize: 0
    m_NormalSigns:
      m_NumItems: 0
      m_Data: 
      m_BitSize: 0
    m_TangentSigns:
      m_NumItems: 0
      m_Data: 
      m_BitSize: 0
    m_FloatColors:
      m_NumItems: 0
      m_Range: 0
      m_Start: 0
      m_Data: 
      m_BitSize: 0
    m_BoneIndices:
      m_NumItems: 0
      m_Data: 
      m_BitSize: 0
    m_Triangles:
      m_NumItems: 0
      m_Data: 
      m_BitSize: 0
    m_UVInfo: 0
  m_LocalAABB:
    m_Center: {x: 0, y: 0.01, z: 0}
    m_Extent: {x: 1.65, y: 0, z: 1.275}
  m_MeshUsageFlags: 0
  m_BakedConvexCollisionMesh: 
  m_BakedTriangleCollisionMesh: 
  m_MeshMetrics[0]: 1
  m_MeshMetrics[1]: 1
  m_MeshOptimizationFlags: 1
  m_StreamData:
    offset: 0
    size: 0
    path: 
--- !u!1 &669426078
GameObject:
  m_ObjectHideFlags: 0
  m_CorrespondingSourceObject: {fileID: 0}
  m_PrefabInstance: {fileID: 0}
  m_PrefabAsset: {fileID: 0}
  serializedVersion: 6
  m_Component:
  - component: {fileID: 669426082}
  - component: {fileID: 669426081}
  - component: {fileID: 669426080}
  - component: {fileID: 669426079}
  m_Layer: 0
  m_Name: Home_Icon
  m_TagString: Untagged
  m_Icon: {fileID: 0}
  m_NavMeshLayer: 0
  m_StaticEditorFlags: 0
  m_IsActive: 1
--- !u!65 &669426079
BoxCollider:
  m_ObjectHideFlags: 0
  m_CorrespondingSourceObject: {fileID: 0}
  m_PrefabInstance: {fileID: 0}
  m_PrefabAsset: {fileID: 0}
  m_GameObject: {fileID: 669426078}
  m_Material: {fileID: 0}
  m_IsTrigger: 0
  m_Enabled: 1
  serializedVersion: 2
  m_Size: {x: 1, y: 1, z: 1}
  m_Center: {x: 0, y: 0, z: 0}
--- !u!23 &669426080
MeshRenderer:
  m_ObjectHideFlags: 0
  m_CorrespondingSourceObject: {fileID: 0}
  m_PrefabInstance: {fileID: 0}
  m_PrefabAsset: {fileID: 0}
  m_GameObject: {fileID: 669426078}
  m_Enabled: 1
  m_CastShadows: 1
  m_ReceiveShadows: 1
  m_DynamicOccludee: 1
  m_MotionVectors: 1
  m_LightProbeUsage: 1
  m_ReflectionProbeUsage: 1
  m_RayTracingMode: 2
  m_RenderingLayerMask: 1
  m_RendererPriority: 0
  m_Materials:
  - {fileID: 2100000, guid: 3a25cca395c37b946a03e96cb5304073, type: 2}
  m_StaticBatchInfo:
    firstSubMesh: 0
    subMeshCount: 0
  m_StaticBatchRoot: {fileID: 0}
  m_ProbeAnchor: {fileID: 0}
  m_LightProbeVolumeOverride: {fileID: 0}
  m_ScaleInLightmap: 1
  m_ReceiveGI: 1
  m_PreserveUVs: 0
  m_IgnoreNormalsForChartDetection: 0
  m_ImportantGI: 0
  m_StitchLightmapSeams: 1
  m_SelectedEditorRenderState: 3
  m_MinimumChartSize: 4
  m_AutoUVMaxDistance: 0.5
  m_AutoUVMaxAngle: 89
  m_LightmapParameters: {fileID: 0}
  m_SortingLayerID: 0
  m_SortingLayer: 0
  m_SortingOrder: 0
--- !u!33 &669426081
MeshFilter:
  m_ObjectHideFlags: 0
  m_CorrespondingSourceObject: {fileID: 0}
  m_PrefabInstance: {fileID: 0}
  m_PrefabAsset: {fileID: 0}
  m_GameObject: {fileID: 669426078}
  m_Mesh: {fileID: 10202, guid: 0000000000000000e000000000000000, type: 0}
--- !u!4 &669426082
Transform:
  m_ObjectHideFlags: 0
  m_CorrespondingSourceObject: {fileID: 0}
  m_PrefabInstance: {fileID: 0}
  m_PrefabAsset: {fileID: 0}
  m_GameObject: {fileID: 669426078}
  m_LocalRotation: {x: 0, y: 0.7071068, z: 0, w: 0.7071068}
  m_LocalPosition: {x: -6.59, y: 3.24, z: 17}
  m_LocalScale: {x: 0, y: 2, z: 2}
  m_Children: []
  m_Father: {fileID: 0}
  m_RootOrder: 15
  m_LocalEulerAnglesHint: {x: 0, y: 90, z: 0}
--- !u!1001 &729645475
PrefabInstance:
  m_ObjectHideFlags: 0
  serializedVersion: 2
  m_Modification:
    m_TransformParent: {fileID: 0}
    m_Modifications:
    - target: {fileID: 153878, guid: 7a135b1a2cb9c8f488d4dd00c55ab283, type: 3}
      propertyPath: m_Name
      value: Teleporting
      objectReference: {fileID: 0}
    - target: {fileID: 475244, guid: 7a135b1a2cb9c8f488d4dd00c55ab283, type: 3}
      propertyPath: m_LocalPosition.x
      value: 9.133586
      objectReference: {fileID: 0}
    - target: {fileID: 475244, guid: 7a135b1a2cb9c8f488d4dd00c55ab283, type: 3}
      propertyPath: m_LocalPosition.y
      value: 0.8923831
      objectReference: {fileID: 0}
    - target: {fileID: 475244, guid: 7a135b1a2cb9c8f488d4dd00c55ab283, type: 3}
      propertyPath: m_LocalPosition.z
      value: -1.1758227
      objectReference: {fileID: 0}
    - target: {fileID: 475244, guid: 7a135b1a2cb9c8f488d4dd00c55ab283, type: 3}
      propertyPath: m_LocalRotation.x
      value: -0
      objectReference: {fileID: 0}
    - target: {fileID: 475244, guid: 7a135b1a2cb9c8f488d4dd00c55ab283, type: 3}
      propertyPath: m_LocalRotation.y
      value: -0
      objectReference: {fileID: 0}
    - target: {fileID: 475244, guid: 7a135b1a2cb9c8f488d4dd00c55ab283, type: 3}
      propertyPath: m_LocalRotation.z
      value: -0
      objectReference: {fileID: 0}
    - target: {fileID: 475244, guid: 7a135b1a2cb9c8f488d4dd00c55ab283, type: 3}
      propertyPath: m_LocalRotation.w
      value: 1
      objectReference: {fileID: 0}
    - target: {fileID: 475244, guid: 7a135b1a2cb9c8f488d4dd00c55ab283, type: 3}
      propertyPath: m_RootOrder
      value: 5
      objectReference: {fileID: 0}
    - target: {fileID: 475244, guid: 7a135b1a2cb9c8f488d4dd00c55ab283, type: 3}
      propertyPath: m_LocalEulerAnglesHint.x
      value: 0
      objectReference: {fileID: 0}
    - target: {fileID: 475244, guid: 7a135b1a2cb9c8f488d4dd00c55ab283, type: 3}
      propertyPath: m_LocalEulerAnglesHint.y
      value: 0
      objectReference: {fileID: 0}
    - target: {fileID: 475244, guid: 7a135b1a2cb9c8f488d4dd00c55ab283, type: 3}
      propertyPath: m_LocalEulerAnglesHint.z
      value: 0
      objectReference: {fileID: 0}
    m_RemovedComponents: []
  m_SourcePrefab: {fileID: 100100000, guid: 7a135b1a2cb9c8f488d4dd00c55ab283, type: 3}
--- !u!1001 &731836110
PrefabInstance:
  m_ObjectHideFlags: 0
  serializedVersion: 2
  m_Modification:
    m_TransformParent: {fileID: 966813467}
    m_Modifications:
    - target: {fileID: 146900, guid: 4d293c8e162f3874b982baadd71153d2, type: 3}
      propertyPath: m_Name
      value: '[CameraRig]'
      objectReference: {fileID: 0}
    - target: {fileID: 420908, guid: 4d293c8e162f3874b982baadd71153d2, type: 3}
      propertyPath: m_LocalPosition.x
      value: 0
      objectReference: {fileID: 0}
    - target: {fileID: 420908, guid: 4d293c8e162f3874b982baadd71153d2, type: 3}
      propertyPath: m_LocalPosition.y
      value: 0
      objectReference: {fileID: 0}
    - target: {fileID: 420908, guid: 4d293c8e162f3874b982baadd71153d2, type: 3}
      propertyPath: m_LocalPosition.z
      value: 0
      objectReference: {fileID: 0}
    - target: {fileID: 420908, guid: 4d293c8e162f3874b982baadd71153d2, type: 3}
      propertyPath: m_LocalRotation.x
      value: -0
      objectReference: {fileID: 0}
    - target: {fileID: 420908, guid: 4d293c8e162f3874b982baadd71153d2, type: 3}
      propertyPath: m_LocalRotation.y
      value: -0
      objectReference: {fileID: 0}
    - target: {fileID: 420908, guid: 4d293c8e162f3874b982baadd71153d2, type: 3}
      propertyPath: m_LocalRotation.z
      value: -0
      objectReference: {fileID: 0}
    - target: {fileID: 420908, guid: 4d293c8e162f3874b982baadd71153d2, type: 3}
      propertyPath: m_LocalRotation.w
      value: 1
      objectReference: {fileID: 0}
    - target: {fileID: 420908, guid: 4d293c8e162f3874b982baadd71153d2, type: 3}
      propertyPath: m_RootOrder
      value: 6
      objectReference: {fileID: 0}
    - target: {fileID: 420908, guid: 4d293c8e162f3874b982baadd71153d2, type: 3}
      propertyPath: m_LocalEulerAnglesHint.x
      value: 0
      objectReference: {fileID: 0}
    - target: {fileID: 420908, guid: 4d293c8e162f3874b982baadd71153d2, type: 3}
      propertyPath: m_LocalEulerAnglesHint.y
      value: 0
      objectReference: {fileID: 0}
    - target: {fileID: 420908, guid: 4d293c8e162f3874b982baadd71153d2, type: 3}
      propertyPath: m_LocalEulerAnglesHint.z
      value: 0
      objectReference: {fileID: 0}
    - target: {fileID: 2348914, guid: 4d293c8e162f3874b982baadd71153d2, type: 3}
      propertyPath: m_Materials.Array.data[0]
      value: 
      objectReference: {fileID: 489745298}
    - target: {fileID: 3380982, guid: 4d293c8e162f3874b982baadd71153d2, type: 3}
      propertyPath: m_Mesh
      value: 
      objectReference: {fileID: 615522691}
    m_RemovedComponents: []
  m_SourcePrefab: {fileID: 100100000, guid: 4d293c8e162f3874b982baadd71153d2, type: 3}
--- !u!1 &731836111 stripped
GameObject:
  m_CorrespondingSourceObject: {fileID: 159396, guid: 4d293c8e162f3874b982baadd71153d2,
    type: 3}
  m_PrefabInstance: {fileID: 731836110}
  m_PrefabAsset: {fileID: 0}
--- !u!1 &731836112 stripped
GameObject:
  m_CorrespondingSourceObject: {fileID: 124034, guid: 4d293c8e162f3874b982baadd71153d2,
    type: 3}
  m_PrefabInstance: {fileID: 731836110}
  m_PrefabAsset: {fileID: 0}
--- !u!114 &731836113
MonoBehaviour:
  m_ObjectHideFlags: 0
  m_CorrespondingSourceObject: {fileID: 0}
  m_PrefabInstance: {fileID: 0}
  m_PrefabAsset: {fileID: 0}
  m_GameObject: {fileID: 731836111}
  m_Enabled: 1
  m_EditorHideFlags: 0
  m_Script: {fileID: 11500000, guid: b2f511c1adaa1e94ebe7ca97bbcabd17, type: 3}
  m_Name: 
  m_EditorClassIdentifier: 
  pose: {fileID: 0}
  interactWithUI:
    actionPath: /actions/default/in/InteractUI
    needsReinit: 0
  active: 1
  color: {r: 0, g: 0, b: 0, a: 0}
  thickness: 0.002
  clickColor: {r: 0, g: 1, b: 0, a: 1}
  holder: {fileID: 0}
  pointer: {fileID: 0}
  addRigidBody: 0
  reference: {fileID: 0}
  timeStartedLerping: 0
  lerpTime: 0
  endposition: {x: 0, y: 0}
  startposition: {x: 0, y: 0}
  myMetricsArray: []
  myMetrics: {fileID: 0}
  dmiArray: []
  dmi: {fileID: 0}
  leaderBoardArray: []
  leaderBoard: {fileID: 0}
  newposition: {x: 3.87, y: 2.5, z: 16}
  movementStep: 3
  newscale: {x: 0.01, y: 7, z: 9.5}
  back_Icon: {fileID: 0}
  disbleObject: 0
  front_Icon: {fileID: 0}
  previousScreenName: 
--- !u!114 &731836114
MonoBehaviour:
  m_ObjectHideFlags: 0
  m_CorrespondingSourceObject: {fileID: 0}
  m_PrefabInstance: {fileID: 0}
  m_PrefabAsset: {fileID: 0}
  m_GameObject: {fileID: 731836112}
  m_Enabled: 1
  m_EditorHideFlags: 0
  m_Script: {fileID: 11500000, guid: b2f511c1adaa1e94ebe7ca97bbcabd17, type: 3}
  m_Name: 
  m_EditorClassIdentifier: 
  pose: {fileID: 0}
  interactWithUI:
    actionPath: /actions/default/in/InteractUI
    needsReinit: 0
  active: 1
  color: {r: 0, g: 0, b: 0, a: 0}
  thickness: 0.002
  clickColor: {r: 0, g: 1, b: 0, a: 1}
  holder: {fileID: 0}
  pointer: {fileID: 0}
  addRigidBody: 0
  reference: {fileID: 0}
  timeStartedLerping: 0
  lerpTime: 0
  endposition: {x: 0, y: 0}
  startposition: {x: 0, y: 0}
  myMetricsArray: []
  myMetrics: {fileID: 0}
  dmiArray: []
  dmi: {fileID: 0}
  leaderBoardArray: []
  leaderBoard: {fileID: 0}
  newposition: {x: 3.87, y: 2.5, z: 16}
  movementStep: 3
  newscale: {x: 0.01, y: 7, z: 9.5}
  back_Icon: {fileID: 0}
  disbleObject: 0
  front_Icon: {fileID: 0}
  previousScreenName: 
--- !u!1001 &779899560
PrefabInstance:
  m_ObjectHideFlags: 0
  serializedVersion: 2
  m_Modification:
    m_TransformParent: {fileID: 0}
    m_Modifications:
    - target: {fileID: 125956, guid: 73ac470d3d909d645a6c89a4664b6849, type: 3}
      propertyPath: m_Name
      value: TeleportPoint (2)
      objectReference: {fileID: 0}
    - target: {fileID: 428928, guid: 73ac470d3d909d645a6c89a4664b6849, type: 3}
      propertyPath: m_LocalPosition.x
      value: 3.4
      objectReference: {fileID: 0}
    - target: {fileID: 428928, guid: 73ac470d3d909d645a6c89a4664b6849, type: 3}
      propertyPath: m_LocalPosition.y
      value: -1.55
      objectReference: {fileID: 0}
    - target: {fileID: 428928, guid: 73ac470d3d909d645a6c89a4664b6849, type: 3}
      propertyPath: m_LocalPosition.z
      value: 6.82
      objectReference: {fileID: 0}
    - target: {fileID: 428928, guid: 73ac470d3d909d645a6c89a4664b6849, type: 3}
      propertyPath: m_LocalRotation.x
      value: 0
      objectReference: {fileID: 0}
    - target: {fileID: 428928, guid: 73ac470d3d909d645a6c89a4664b6849, type: 3}
      propertyPath: m_LocalRotation.y
      value: 1
      objectReference: {fileID: 0}
    - target: {fileID: 428928, guid: 73ac470d3d909d645a6c89a4664b6849, type: 3}
      propertyPath: m_LocalRotation.z
      value: 0
      objectReference: {fileID: 0}
    - target: {fileID: 428928, guid: 73ac470d3d909d645a6c89a4664b6849, type: 3}
      propertyPath: m_LocalRotation.w
      value: 0
      objectReference: {fileID: 0}
    - target: {fileID: 428928, guid: 73ac470d3d909d645a6c89a4664b6849, type: 3}
      propertyPath: m_RootOrder
      value: 2
      objectReference: {fileID: 0}
    - target: {fileID: 428928, guid: 73ac470d3d909d645a6c89a4664b6849, type: 3}
      propertyPath: m_LocalEulerAnglesHint.x
      value: 0
      objectReference: {fileID: 0}
    - target: {fileID: 428928, guid: 73ac470d3d909d645a6c89a4664b6849, type: 3}
      propertyPath: m_LocalEulerAnglesHint.y
      value: 180
      objectReference: {fileID: 0}
    - target: {fileID: 428928, guid: 73ac470d3d909d645a6c89a4664b6849, type: 3}
      propertyPath: m_LocalEulerAnglesHint.z
      value: 0
      objectReference: {fileID: 0}
    m_RemovedComponents: []
  m_SourcePrefab: {fileID: 100100000, guid: 73ac470d3d909d645a6c89a4664b6849, type: 3}
--- !u!1001 &785610377
PrefabInstance:
  m_ObjectHideFlags: 0
  serializedVersion: 2
  m_Modification:
    m_TransformParent: {fileID: 981302890}
    m_Modifications:
    - target: {fileID: 1007203445618474, guid: fca85770e18d846bfb02e19852a35a54, type: 3}
      propertyPath: m_Name
      value: ParticleLoops
      objectReference: {fileID: 0}
    - target: {fileID: 4716220226706626, guid: fca85770e18d846bfb02e19852a35a54, type: 3}
      propertyPath: m_LocalPosition.x
      value: 1.66
      objectReference: {fileID: 0}
    - target: {fileID: 4716220226706626, guid: fca85770e18d846bfb02e19852a35a54, type: 3}
      propertyPath: m_LocalPosition.y
      value: -3.2579184
      objectReference: {fileID: 0}
    - target: {fileID: 4716220226706626, guid: fca85770e18d846bfb02e19852a35a54, type: 3}
      propertyPath: m_LocalPosition.z
      value: 365.08957
      objectReference: {fileID: 0}
    - target: {fileID: 4716220226706626, guid: fca85770e18d846bfb02e19852a35a54, type: 3}
      propertyPath: m_LocalRotation.x
      value: -0
      objectReference: {fileID: 0}
    - target: {fileID: 4716220226706626, guid: fca85770e18d846bfb02e19852a35a54, type: 3}
      propertyPath: m_LocalRotation.y
      value: 0.2588191
      objectReference: {fileID: 0}
    - target: {fileID: 4716220226706626, guid: fca85770e18d846bfb02e19852a35a54, type: 3}
      propertyPath: m_LocalRotation.z
      value: -0.9659258
      objectReference: {fileID: 0}
    - target: {fileID: 4716220226706626, guid: fca85770e18d846bfb02e19852a35a54, type: 3}
      propertyPath: m_LocalRotation.w
      value: 0
      objectReference: {fileID: 0}
    - target: {fileID: 4716220226706626, guid: fca85770e18d846bfb02e19852a35a54, type: 3}
      propertyPath: m_RootOrder
      value: 1
      objectReference: {fileID: 0}
    - target: {fileID: 4716220226706626, guid: fca85770e18d846bfb02e19852a35a54, type: 3}
      propertyPath: m_LocalEulerAnglesHint.x
      value: 0
      objectReference: {fileID: 0}
    - target: {fileID: 4716220226706626, guid: fca85770e18d846bfb02e19852a35a54, type: 3}
      propertyPath: m_LocalEulerAnglesHint.y
      value: 0
      objectReference: {fileID: 0}
    - target: {fileID: 4716220226706626, guid: fca85770e18d846bfb02e19852a35a54, type: 3}
      propertyPath: m_LocalEulerAnglesHint.z
      value: 0
      objectReference: {fileID: 0}
    - target: {fileID: 4716220226706626, guid: fca85770e18d846bfb02e19852a35a54, type: 3}
      propertyPath: m_LocalScale.x
      value: 0.5
      objectReference: {fileID: 0}
    - target: {fileID: 4716220226706626, guid: fca85770e18d846bfb02e19852a35a54, type: 3}
      propertyPath: m_LocalScale.y
      value: 0.78277904
      objectReference: {fileID: 0}
    - target: {fileID: 4716220226706626, guid: fca85770e18d846bfb02e19852a35a54, type: 3}
      propertyPath: m_LocalScale.z
      value: 2.3121376
      objectReference: {fileID: 0}
    - target: {fileID: 198684206621274834, guid: fca85770e18d846bfb02e19852a35a54,
        type: 3}
      propertyPath: InitialModule.startColor.maxColor.r
      value: 0.03529412
      objectReference: {fileID: 0}
    - target: {fileID: 198684206621274834, guid: fca85770e18d846bfb02e19852a35a54,
        type: 3}
      propertyPath: InitialModule.startColor.maxColor.g
      value: 0.99215686
      objectReference: {fileID: 0}
    - target: {fileID: 198684206621274834, guid: fca85770e18d846bfb02e19852a35a54,
        type: 3}
      propertyPath: InitialModule.startColor.maxColor.b
      value: 0.769425
      objectReference: {fileID: 0}
    - target: {fileID: 199043602895241642, guid: fca85770e18d846bfb02e19852a35a54,
        type: 3}
      propertyPath: m_Materials.Array.data[0]
      value: 
      objectReference: {fileID: 2100000, guid: 0586fb390af6e4d56987fb75b880d2b2, type: 2}
    - target: {fileID: 199043602895241642, guid: fca85770e18d846bfb02e19852a35a54,
        type: 3}
      propertyPath: m_Materials.Array.data[1]
      value: 
      objectReference: {fileID: 2100000, guid: 0586fb390af6e4d56987fb75b880d2b2, type: 2}
    m_RemovedComponents: []
  m_SourcePrefab: {fileID: 100100000, guid: fca85770e18d846bfb02e19852a35a54, type: 3}
--- !u!4 &785610378 stripped
Transform:
  m_CorrespondingSourceObject: {fileID: 4716220226706626, guid: fca85770e18d846bfb02e19852a35a54,
    type: 3}
  m_PrefabInstance: {fileID: 785610377}
  m_PrefabAsset: {fileID: 0}
--- !u!1001 &847024894
PrefabInstance:
  m_ObjectHideFlags: 0
  serializedVersion: 2
  m_Modification:
    m_TransformParent: {fileID: 0}
    m_Modifications:
    - target: {fileID: 125956, guid: 73ac470d3d909d645a6c89a4664b6849, type: 3}
      propertyPath: m_Name
      value: TeleportPoint
      objectReference: {fileID: 0}
    - target: {fileID: 428928, guid: 73ac470d3d909d645a6c89a4664b6849, type: 3}
      propertyPath: m_LocalPosition.x
      value: 6.195
      objectReference: {fileID: 0}
    - target: {fileID: 428928, guid: 73ac470d3d909d645a6c89a4664b6849, type: 3}
      propertyPath: m_LocalPosition.y
      value: -1.55
      objectReference: {fileID: 0}
    - target: {fileID: 428928, guid: 73ac470d3d909d645a6c89a4664b6849, type: 3}
      propertyPath: m_LocalPosition.z
      value: 6.82
      objectReference: {fileID: 0}
    - target: {fileID: 428928, guid: 73ac470d3d909d645a6c89a4664b6849, type: 3}
      propertyPath: m_LocalRotation.x
      value: 0
      objectReference: {fileID: 0}
    - target: {fileID: 428928, guid: 73ac470d3d909d645a6c89a4664b6849, type: 3}
      propertyPath: m_LocalRotation.y
      value: 1
      objectReference: {fileID: 0}
    - target: {fileID: 428928, guid: 73ac470d3d909d645a6c89a4664b6849, type: 3}
      propertyPath: m_LocalRotation.z
      value: 0
      objectReference: {fileID: 0}
    - target: {fileID: 428928, guid: 73ac470d3d909d645a6c89a4664b6849, type: 3}
      propertyPath: m_LocalRotation.w
      value: 0
      objectReference: {fileID: 0}
    - target: {fileID: 428928, guid: 73ac470d3d909d645a6c89a4664b6849, type: 3}
      propertyPath: m_RootOrder
      value: 6
      objectReference: {fileID: 0}
    - target: {fileID: 428928, guid: 73ac470d3d909d645a6c89a4664b6849, type: 3}
      propertyPath: m_LocalEulerAnglesHint.x
      value: 0
      objectReference: {fileID: 0}
    - target: {fileID: 428928, guid: 73ac470d3d909d645a6c89a4664b6849, type: 3}
      propertyPath: m_LocalEulerAnglesHint.y
      value: 180
      objectReference: {fileID: 0}
    - target: {fileID: 428928, guid: 73ac470d3d909d645a6c89a4664b6849, type: 3}
      propertyPath: m_LocalEulerAnglesHint.z
      value: 0
      objectReference: {fileID: 0}
    m_RemovedComponents: []
  m_SourcePrefab: {fileID: 100100000, guid: 73ac470d3d909d645a6c89a4664b6849, type: 3}
--- !u!1001 &966813466
PrefabInstance:
  m_ObjectHideFlags: 0
  serializedVersion: 2
  m_Modification:
    m_TransformParent: {fileID: 0}
    m_Modifications:
    - target: {fileID: 107946, guid: dc06161b6d97feb419f45f03b62e14b9, type: 3}
      propertyPath: m_Name
      value: Player
      objectReference: {fileID: 0}
    - target: {fileID: 447954, guid: dc06161b6d97feb419f45f03b62e14b9, type: 3}
      propertyPath: m_LocalPosition.x
      value: 3.4
      objectReference: {fileID: 0}
    - target: {fileID: 447954, guid: dc06161b6d97feb419f45f03b62e14b9, type: 3}
      propertyPath: m_LocalPosition.y
      value: -1.55
      objectReference: {fileID: 0}
    - target: {fileID: 447954, guid: dc06161b6d97feb419f45f03b62e14b9, type: 3}
      propertyPath: m_LocalPosition.z
      value: 6.82
      objectReference: {fileID: 0}
    - target: {fileID: 447954, guid: dc06161b6d97feb419f45f03b62e14b9, type: 3}
      propertyPath: m_LocalRotation.x
      value: 0
      objectReference: {fileID: 0}
    - target: {fileID: 447954, guid: dc06161b6d97feb419f45f03b62e14b9, type: 3}
      propertyPath: m_LocalRotation.y
      value: 0
      objectReference: {fileID: 0}
    - target: {fileID: 447954, guid: dc06161b6d97feb419f45f03b62e14b9, type: 3}
      propertyPath: m_LocalRotation.z
      value: 0
      objectReference: {fileID: 0}
    - target: {fileID: 447954, guid: dc06161b6d97feb419f45f03b62e14b9, type: 3}
      propertyPath: m_LocalRotation.w
      value: 1
      objectReference: {fileID: 0}
    - target: {fileID: 447954, guid: dc06161b6d97feb419f45f03b62e14b9, type: 3}
      propertyPath: m_RootOrder
      value: 7
      objectReference: {fileID: 0}
    - target: {fileID: 447954, guid: dc06161b6d97feb419f45f03b62e14b9, type: 3}
      propertyPath: m_LocalEulerAnglesHint.x
      value: 0
      objectReference: {fileID: 0}
    - target: {fileID: 447954, guid: dc06161b6d97feb419f45f03b62e14b9, type: 3}
      propertyPath: m_LocalEulerAnglesHint.y
      value: 0
      objectReference: {fileID: 0}
    - target: {fileID: 447954, guid: dc06161b6d97feb419f45f03b62e14b9, type: 3}
      propertyPath: m_LocalEulerAnglesHint.z
      value: 0
      objectReference: {fileID: 0}
    m_RemovedComponents: []
  m_SourcePrefab: {fileID: 100100000, guid: dc06161b6d97feb419f45f03b62e14b9, type: 3}
--- !u!4 &966813467 stripped
Transform:
  m_CorrespondingSourceObject: {fileID: 447954, guid: dc06161b6d97feb419f45f03b62e14b9,
    type: 3}
  m_PrefabInstance: {fileID: 966813466}
  m_PrefabAsset: {fileID: 0}
--- !u!1 &981302886
GameObject:
  m_ObjectHideFlags: 0
  m_CorrespondingSourceObject: {fileID: 0}
  m_PrefabInstance: {fileID: 0}
  m_PrefabAsset: {fileID: 0}
  serializedVersion: 6
  m_Component:
  - component: {fileID: 981302890}
  - component: {fileID: 981302889}
  - component: {fileID: 981302888}
  - component: {fileID: 981302887}
  m_Layer: 0
  m_Name: Lines_Of_Codes_Panel
  m_TagString: Untagged
  m_Icon: {fileID: 0}
  m_NavMeshLayer: 0
  m_StaticEditorFlags: 0
  m_IsActive: 1
--- !u!65 &981302887
BoxCollider:
  m_ObjectHideFlags: 0
  m_CorrespondingSourceObject: {fileID: 0}
  m_PrefabInstance: {fileID: 0}
  m_PrefabAsset: {fileID: 0}
  m_GameObject: {fileID: 981302886}
  m_Material: {fileID: 0}
  m_IsTrigger: 0
  m_Enabled: 1
  serializedVersion: 2
  m_Size: {x: 1, y: 1, z: 1}
  m_Center: {x: 0, y: 0, z: 0}
--- !u!23 &981302888
MeshRenderer:
  m_ObjectHideFlags: 0
  m_CorrespondingSourceObject: {fileID: 0}
  m_PrefabInstance: {fileID: 0}
  m_PrefabAsset: {fileID: 0}
  m_GameObject: {fileID: 981302886}
  m_Enabled: 1
  m_CastShadows: 1
  m_ReceiveShadows: 1
  m_DynamicOccludee: 1
  m_MotionVectors: 1
  m_LightProbeUsage: 1
  m_ReflectionProbeUsage: 1
  m_RayTracingMode: 2
  m_RenderingLayerMask: 1
  m_RendererPriority: 0
  m_Materials:
  - {fileID: 2100000, guid: c551de7e92854f048baf1375d6ec1fce, type: 2}
  m_StaticBatchInfo:
    firstSubMesh: 0
    subMeshCount: 0
  m_StaticBatchRoot: {fileID: 0}
  m_ProbeAnchor: {fileID: 0}
  m_LightProbeVolumeOverride: {fileID: 0}
  m_ScaleInLightmap: 1
  m_ReceiveGI: 1
  m_PreserveUVs: 0
  m_IgnoreNormalsForChartDetection: 0
  m_ImportantGI: 0
  m_StitchLightmapSeams: 1
  m_SelectedEditorRenderState: 3
  m_MinimumChartSize: 4
  m_AutoUVMaxDistance: 0.5
  m_AutoUVMaxAngle: 89
  m_LightmapParameters: {fileID: 0}
  m_SortingLayerID: 0
  m_SortingLayer: 0
  m_SortingOrder: 0
--- !u!33 &981302889
MeshFilter:
  m_ObjectHideFlags: 0
  m_CorrespondingSourceObject: {fileID: 0}
  m_PrefabInstance: {fileID: 0}
  m_PrefabAsset: {fileID: 0}
  m_GameObject: {fileID: 981302886}
  m_Mesh: {fileID: 10202, guid: 0000000000000000e000000000000000, type: 0}
--- !u!4 &981302890
Transform:
  m_ObjectHideFlags: 0
  m_CorrespondingSourceObject: {fileID: 0}
  m_PrefabInstance: {fileID: 0}
  m_PrefabAsset: {fileID: 0}
  m_GameObject: {fileID: 981302886}
  m_LocalRotation: {x: 0, y: -0.2588191, z: 0.9659258, w: 0}
  m_LocalPosition: {x: 7.04, y: -0.601, z: 10.064}
  m_LocalScale: {x: 2, y: 1.7, z: 0.01}
  m_Children:
  - {fileID: 1412045859}
  - {fileID: 785610378}
  m_Father: {fileID: 0}
  m_RootOrder: 12
  m_LocalEulerAnglesHint: {x: 30, y: 0, z: 180}
--- !u!1 &1012717783
GameObject:
  m_ObjectHideFlags: 0
  m_CorrespondingSourceObject: {fileID: 0}
  m_PrefabInstance: {fileID: 0}
  m_PrefabAsset: {fileID: 0}
  serializedVersion: 6
  m_Component:
  - component: {fileID: 1012717787}
  - component: {fileID: 1012717786}
  - component: {fileID: 1012717785}
  - component: {fileID: 1012717784}
  m_Layer: 0
  m_Name: Open_Violation_Panel
  m_TagString: Untagged
  m_Icon: {fileID: 0}
  m_NavMeshLayer: 0
  m_StaticEditorFlags: 0
  m_IsActive: 1
--- !u!65 &1012717784
BoxCollider:
  m_ObjectHideFlags: 0
  m_CorrespondingSourceObject: {fileID: 0}
  m_PrefabInstance: {fileID: 0}
  m_PrefabAsset: {fileID: 0}
  m_GameObject: {fileID: 1012717783}
  m_Material: {fileID: 0}
  m_IsTrigger: 0
  m_Enabled: 1
  serializedVersion: 2
  m_Size: {x: 1, y: 1, z: 1}
  m_Center: {x: 0, y: 0, z: 0}
--- !u!23 &1012717785
MeshRenderer:
  m_ObjectHideFlags: 0
  m_CorrespondingSourceObject: {fileID: 0}
  m_PrefabInstance: {fileID: 0}
  m_PrefabAsset: {fileID: 0}
  m_GameObject: {fileID: 1012717783}
  m_Enabled: 1
  m_CastShadows: 1
  m_ReceiveShadows: 1
  m_DynamicOccludee: 1
  m_MotionVectors: 1
  m_LightProbeUsage: 1
  m_ReflectionProbeUsage: 1
  m_RayTracingMode: 2
  m_RenderingLayerMask: 1
  m_RendererPriority: 0
  m_Materials:
  - {fileID: 2100000, guid: c551de7e92854f048baf1375d6ec1fce, type: 2}
  m_StaticBatchInfo:
    firstSubMesh: 0
    subMeshCount: 0
  m_StaticBatchRoot: {fileID: 0}
  m_ProbeAnchor: {fileID: 0}
  m_LightProbeVolumeOverride: {fileID: 0}
  m_ScaleInLightmap: 1
  m_ReceiveGI: 1
  m_PreserveUVs: 0
  m_IgnoreNormalsForChartDetection: 0
  m_ImportantGI: 0
  m_StitchLightmapSeams: 1
  m_SelectedEditorRenderState: 3
  m_MinimumChartSize: 4
  m_AutoUVMaxDistance: 0.5
  m_AutoUVMaxAngle: 89
  m_LightmapParameters: {fileID: 0}
  m_SortingLayerID: 0
  m_SortingLayer: 0
  m_SortingOrder: 0
--- !u!33 &1012717786
MeshFilter:
  m_ObjectHideFlags: 0
  m_CorrespondingSourceObject: {fileID: 0}
  m_PrefabInstance: {fileID: 0}
  m_PrefabAsset: {fileID: 0}
  m_GameObject: {fileID: 1012717783}
  m_Mesh: {fileID: 10202, guid: 0000000000000000e000000000000000, type: 0}
--- !u!4 &1012717787
Transform:
  m_ObjectHideFlags: 0
  m_CorrespondingSourceObject: {fileID: 0}
  m_PrefabInstance: {fileID: 0}
  m_PrefabAsset: {fileID: 0}
  m_GameObject: {fileID: 1012717783}
  m_LocalRotation: {x: 0, y: -0.2588191, z: 0.9659258, w: 0}
  m_LocalPosition: {x: 5.35, y: -0.601, z: 10.064}
  m_LocalScale: {x: 2, y: 1.7, z: 0.01}
  m_Children:
  - {fileID: 100020355}
  m_Father: {fileID: 0}
  m_RootOrder: 11
  m_LocalEulerAnglesHint: {x: 30, y: 0, z: 180}
--- !u!1 &1041725163
GameObject:
  m_ObjectHideFlags: 0
  m_CorrespondingSourceObject: {fileID: 0}
  m_PrefabInstance: {fileID: 0}
  m_PrefabAsset: {fileID: 0}
  serializedVersion: 6
  m_Component:
  - component: {fileID: 1041725165}
  - component: {fileID: 1041725164}
  m_Layer: 0
  m_Name: Audio Source
  m_TagString: Untagged
  m_Icon: {fileID: 0}
  m_NavMeshLayer: 0
  m_StaticEditorFlags: 0
  m_IsActive: 1
--- !u!82 &1041725164
AudioSource:
  m_ObjectHideFlags: 0
  m_CorrespondingSourceObject: {fileID: 0}
  m_PrefabInstance: {fileID: 0}
  m_PrefabAsset: {fileID: 0}
  m_GameObject: {fileID: 1041725163}
  m_Enabled: 1
  serializedVersion: 4
  OutputAudioMixerGroup: {fileID: 243758081335279580, guid: ec12f7772c03e4c4c9e4c2f1643595ad,
    type: 2}
  m_audioClip: {fileID: 8300000, guid: b264f393a684e4a55930d84cc77d81f8, type: 3}
  m_PlayOnAwake: 1
  m_Volume: 1
  m_Pitch: 1
  Loop: 0
  Mute: 0
  Spatialize: 0
  SpatializePostEffects: 0
  Priority: 128
  DopplerLevel: 1
  MinDistance: 1
  MaxDistance: 500
  Pan2D: 0
  rolloffMode: 0
  BypassEffects: 0
  BypassListenerEffects: 0
  BypassReverbZones: 0
  rolloffCustomCurve:
    serializedVersion: 2
    m_Curve:
    - serializedVersion: 3
      time: 0
      value: 1
      inSlope: 0
      outSlope: 0
      tangentMode: 0
      weightedMode: 0
      inWeight: 0.33333334
      outWeight: 0.33333334
    - serializedVersion: 3
      time: 1
      value: 0
      inSlope: 0
      outSlope: 0
      tangentMode: 0
      weightedMode: 0
      inWeight: 0.33333334
      outWeight: 0.33333334
    m_PreInfinity: 2
    m_PostInfinity: 2
    m_RotationOrder: 4
  panLevelCustomCurve:
    serializedVersion: 2
    m_Curve:
    - serializedVersion: 3
      time: 0
      value: 0
      inSlope: 0
      outSlope: 0
      tangentMode: 0
      weightedMode: 0
      inWeight: 0.33333334
      outWeight: 0.33333334
    m_PreInfinity: 2
    m_PostInfinity: 2
    m_RotationOrder: 4
  spreadCustomCurve:
    serializedVersion: 2
    m_Curve:
    - serializedVersion: 3
      time: 0
      value: 0
      inSlope: 0
      outSlope: 0
      tangentMode: 0
      weightedMode: 0
      inWeight: 0.33333334
      outWeight: 0.33333334
    m_PreInfinity: 2
    m_PostInfinity: 2
    m_RotationOrder: 4
  reverbZoneMixCustomCurve:
    serializedVersion: 2
    m_Curve:
    - serializedVersion: 3
      time: 0
      value: 1
      inSlope: 0
      outSlope: 0
      tangentMode: 0
      weightedMode: 0
      inWeight: 0.33333334
      outWeight: 0.33333334
    m_PreInfinity: 2
    m_PostInfinity: 2
    m_RotationOrder: 4
--- !u!4 &1041725165
Transform:
  m_ObjectHideFlags: 0
  m_CorrespondingSourceObject: {fileID: 0}
  m_PrefabInstance: {fileID: 0}
  m_PrefabAsset: {fileID: 0}
  m_GameObject: {fileID: 1041725163}
  m_LocalRotation: {x: 0, y: 0, z: 0, w: 1}
  m_LocalPosition: {x: 3.199005, y: -0.64327884, z: 15.756112}
  m_LocalScale: {x: 1, y: 1, z: 1}
  m_Children: []
  m_Father: {fileID: 0}
  m_RootOrder: 13
  m_LocalEulerAnglesHint: {x: 0, y: 0, z: 0}
--- !u!1001 &1069280053
PrefabInstance:
  m_ObjectHideFlags: 0
  serializedVersion: 2
  m_Modification:
    m_TransformParent: {fileID: 0}
    m_Modifications:
    - target: {fileID: 125956, guid: 73ac470d3d909d645a6c89a4664b6849, type: 3}
      propertyPath: m_Name
      value: TeleportPoint (1)
      objectReference: {fileID: 0}
    - target: {fileID: 428928, guid: 73ac470d3d909d645a6c89a4664b6849, type: 3}
      propertyPath: m_LocalPosition.x
      value: 1.08
      objectReference: {fileID: 0}
    - target: {fileID: 428928, guid: 73ac470d3d909d645a6c89a4664b6849, type: 3}
      propertyPath: m_LocalPosition.y
      value: -1.55
      objectReference: {fileID: 0}
    - target: {fileID: 428928, guid: 73ac470d3d909d645a6c89a4664b6849, type: 3}
      propertyPath: m_LocalPosition.z
      value: 6.82
      objectReference: {fileID: 0}
    - target: {fileID: 428928, guid: 73ac470d3d909d645a6c89a4664b6849, type: 3}
      propertyPath: m_LocalRotation.x
      value: 0
      objectReference: {fileID: 0}
    - target: {fileID: 428928, guid: 73ac470d3d909d645a6c89a4664b6849, type: 3}
      propertyPath: m_LocalRotation.y
      value: 1
      objectReference: {fileID: 0}
    - target: {fileID: 428928, guid: 73ac470d3d909d645a6c89a4664b6849, type: 3}
      propertyPath: m_LocalRotation.z
      value: 0
      objectReference: {fileID: 0}
    - target: {fileID: 428928, guid: 73ac470d3d909d645a6c89a4664b6849, type: 3}
      propertyPath: m_LocalRotation.w
      value: 0
      objectReference: {fileID: 0}
    - target: {fileID: 428928, guid: 73ac470d3d909d645a6c89a4664b6849, type: 3}
      propertyPath: m_RootOrder
      value: 4
      objectReference: {fileID: 0}
    - target: {fileID: 428928, guid: 73ac470d3d909d645a6c89a4664b6849, type: 3}
      propertyPath: m_LocalEulerAnglesHint.x
      value: 0
      objectReference: {fileID: 0}
    - target: {fileID: 428928, guid: 73ac470d3d909d645a6c89a4664b6849, type: 3}
      propertyPath: m_LocalEulerAnglesHint.y
      value: 180
      objectReference: {fileID: 0}
    - target: {fileID: 428928, guid: 73ac470d3d909d645a6c89a4664b6849, type: 3}
      propertyPath: m_LocalEulerAnglesHint.z
      value: 0
      objectReference: {fileID: 0}
    m_RemovedComponents: []
  m_SourcePrefab: {fileID: 100100000, guid: 73ac470d3d909d645a6c89a4664b6849, type: 3}
--- !u!1001 &1074046796
PrefabInstance:
  m_ObjectHideFlags: 0
  serializedVersion: 2
  m_Modification:
    m_TransformParent: {fileID: 196138705}
    m_Modifications:
    - target: {fileID: -927199367670048503, guid: e8fed8a176c53b549a3d4721de20373a,
        type: 3}
      propertyPath: m_Name
      value: Productivity
      objectReference: {fileID: 0}
    - target: {fileID: -4216859302048453862, guid: e8fed8a176c53b549a3d4721de20373a,
        type: 3}
      propertyPath: m_LocalPosition.x
      value: 0.23586
      objectReference: {fileID: 0}
    - target: {fileID: -4216859302048453862, guid: e8fed8a176c53b549a3d4721de20373a,
        type: 3}
      propertyPath: m_LocalPosition.y
      value: -0.1064706
      objectReference: {fileID: 0}
    - target: {fileID: -4216859302048453862, guid: e8fed8a176c53b549a3d4721de20373a,
        type: 3}
      propertyPath: m_LocalPosition.z
      value: 0
      objectReference: {fileID: 0}
    - target: {fileID: -4216859302048453862, guid: e8fed8a176c53b549a3d4721de20373a,
        type: 3}
      propertyPath: m_LocalRotation.x
      value: 1
      objectReference: {fileID: 0}
    - target: {fileID: -4216859302048453862, guid: e8fed8a176c53b549a3d4721de20373a,
        type: 3}
      propertyPath: m_LocalRotation.y
      value: -0
      objectReference: {fileID: 0}
    - target: {fileID: -4216859302048453862, guid: e8fed8a176c53b549a3d4721de20373a,
        type: 3}
      propertyPath: m_LocalRotation.z
      value: -0
      objectReference: {fileID: 0}
    - target: {fileID: -4216859302048453862, guid: e8fed8a176c53b549a3d4721de20373a,
        type: 3}
      propertyPath: m_LocalRotation.w
      value: 0
      objectReference: {fileID: 0}
    - target: {fileID: -4216859302048453862, guid: e8fed8a176c53b549a3d4721de20373a,
        type: 3}
      propertyPath: m_RootOrder
      value: 0
      objectReference: {fileID: 0}
    - target: {fileID: -4216859302048453862, guid: e8fed8a176c53b549a3d4721de20373a,
        type: 3}
      propertyPath: m_LocalEulerAnglesHint.x
      value: 0
      objectReference: {fileID: 0}
    - target: {fileID: -4216859302048453862, guid: e8fed8a176c53b549a3d4721de20373a,
        type: 3}
      propertyPath: m_LocalEulerAnglesHint.y
      value: 180
      objectReference: {fileID: 0}
    - target: {fileID: -4216859302048453862, guid: e8fed8a176c53b549a3d4721de20373a,
        type: 3}
      propertyPath: m_LocalEulerAnglesHint.z
      value: 0
      objectReference: {fileID: 0}
    - target: {fileID: -4216859302048453862, guid: e8fed8a176c53b549a3d4721de20373a,
        type: 3}
      propertyPath: m_LocalScale.z
      value: 0.05
      objectReference: {fileID: 0}
    - target: {fileID: -4216859302048453862, guid: e8fed8a176c53b549a3d4721de20373a,
        type: 3}
      propertyPath: m_LocalScale.x
      value: 0.07138798
      objectReference: {fileID: 0}
    - target: {fileID: -4216859302048453862, guid: e8fed8a176c53b549a3d4721de20373a,
        type: 3}
      propertyPath: m_LocalScale.y
      value: 0.0829757
      objectReference: {fileID: 0}
    - target: {fileID: -1504981713932161579, guid: e8fed8a176c53b549a3d4721de20373a,
        type: 3}
      propertyPath: m_Materials.Array.data[0]
      value: 
      objectReference: {fileID: 2100000, guid: 2586ec9ab3cf2984c88f1d624bd8b361, type: 2}
    m_RemovedComponents: []
  m_SourcePrefab: {fileID: 100100000, guid: e8fed8a176c53b549a3d4721de20373a, type: 3}
--- !u!4 &1074046797 stripped
Transform:
  m_CorrespondingSourceObject: {fileID: -4216859302048453862, guid: e8fed8a176c53b549a3d4721de20373a,
    type: 3}
  m_PrefabInstance: {fileID: 1074046796}
  m_PrefabAsset: {fileID: 0}
--- !u!1001 &1083530835
PrefabInstance:
  m_ObjectHideFlags: 0
  serializedVersion: 2
  m_Modification:
    m_TransformParent: {fileID: 1591333784}
    m_Modifications:
    - target: {fileID: -927199367670048503, guid: 9a0b4e56bc7691b4bbece95a5c0fa9e5,
        type: 3}
      propertyPath: m_Name
      value: Open_Task
      objectReference: {fileID: 0}
    - target: {fileID: -4216859302048453862, guid: 9a0b4e56bc7691b4bbece95a5c0fa9e5,
        type: 3}
      propertyPath: m_LocalPosition.x
      value: 0.24
      objectReference: {fileID: 0}
    - target: {fileID: -4216859302048453862, guid: 9a0b4e56bc7691b4bbece95a5c0fa9e5,
        type: 3}
      propertyPath: m_LocalPosition.y
      value: -0.12
      objectReference: {fileID: 0}
    - target: {fileID: -4216859302048453862, guid: 9a0b4e56bc7691b4bbece95a5c0fa9e5,
        type: 3}
      propertyPath: m_LocalPosition.z
      value: 0.39892
      objectReference: {fileID: 0}
    - target: {fileID: -4216859302048453862, guid: 9a0b4e56bc7691b4bbece95a5c0fa9e5,
        type: 3}
      propertyPath: m_LocalRotation.x
      value: 1
      objectReference: {fileID: 0}
    - target: {fileID: -4216859302048453862, guid: 9a0b4e56bc7691b4bbece95a5c0fa9e5,
        type: 3}
      propertyPath: m_LocalRotation.y
      value: 0.00000028088027
      objectReference: {fileID: 0}
    - target: {fileID: -4216859302048453862, guid: 9a0b4e56bc7691b4bbece95a5c0fa9e5,
        type: 3}
      propertyPath: m_LocalRotation.z
      value: 0.00000028088027
      objectReference: {fileID: 0}
    - target: {fileID: -4216859302048453862, guid: 9a0b4e56bc7691b4bbece95a5c0fa9e5,
        type: 3}
      propertyPath: m_LocalRotation.w
      value: 7.8893726e-14
      objectReference: {fileID: 0}
    - target: {fileID: -4216859302048453862, guid: 9a0b4e56bc7691b4bbece95a5c0fa9e5,
        type: 3}
      propertyPath: m_RootOrder
      value: 0
      objectReference: {fileID: 0}
    - target: {fileID: -4216859302048453862, guid: 9a0b4e56bc7691b4bbece95a5c0fa9e5,
        type: 3}
      propertyPath: m_LocalEulerAnglesHint.x
      value: 0
      objectReference: {fileID: 0}
    - target: {fileID: -4216859302048453862, guid: 9a0b4e56bc7691b4bbece95a5c0fa9e5,
        type: 3}
      propertyPath: m_LocalEulerAnglesHint.y
      value: 179.99998
      objectReference: {fileID: 0}
    - target: {fileID: -4216859302048453862, guid: 9a0b4e56bc7691b4bbece95a5c0fa9e5,
        type: 3}
      propertyPath: m_LocalEulerAnglesHint.z
      value: 179.99998
      objectReference: {fileID: 0}
    - target: {fileID: -4216859302048453862, guid: 9a0b4e56bc7691b4bbece95a5c0fa9e5,
        type: 3}
      propertyPath: m_LocalScale.z
      value: 0.16671684
      objectReference: {fileID: 0}
    - target: {fileID: -4216859302048453862, guid: 9a0b4e56bc7691b4bbece95a5c0fa9e5,
        type: 3}
      propertyPath: m_LocalScale.x
      value: 0.07818113
      objectReference: {fileID: 0}
    - target: {fileID: -4216859302048453862, guid: 9a0b4e56bc7691b4bbece95a5c0fa9e5,
        type: 3}
      propertyPath: m_LocalScale.y
      value: 0.0829757
      objectReference: {fileID: 0}
    - target: {fileID: -1504981713932161579, guid: 9a0b4e56bc7691b4bbece95a5c0fa9e5,
        type: 3}
      propertyPath: m_Materials.Array.data[0]
      value: 
      objectReference: {fileID: 2100000, guid: 2586ec9ab3cf2984c88f1d624bd8b361, type: 2}
    m_RemovedComponents: []
  m_SourcePrefab: {fileID: 100100000, guid: 9a0b4e56bc7691b4bbece95a5c0fa9e5, type: 3}
--- !u!4 &1083530836 stripped
Transform:
  m_CorrespondingSourceObject: {fileID: -4216859302048453862, guid: 9a0b4e56bc7691b4bbece95a5c0fa9e5,
    type: 3}
  m_PrefabInstance: {fileID: 1083530835}
  m_PrefabAsset: {fileID: 0}
--- !u!1001 &1412045858
PrefabInstance:
  m_ObjectHideFlags: 0
  serializedVersion: 2
  m_Modification:
    m_TransformParent: {fileID: 981302890}
    m_Modifications:
    - target: {fileID: -927199367670048503, guid: 69bdd0246ef5d964bafd0ffdf041d614,
        type: 3}
      propertyPath: m_Name
      value: Line_Of_Codes
      objectReference: {fileID: 0}
    - target: {fileID: -4216859302048453862, guid: 69bdd0246ef5d964bafd0ffdf041d614,
        type: 3}
      propertyPath: m_LocalPosition.x
      value: 0.32999992
      objectReference: {fileID: 0}
    - target: {fileID: -4216859302048453862, guid: 69bdd0246ef5d964bafd0ffdf041d614,
        type: 3}
      propertyPath: m_LocalPosition.y
      value: -0.1064706
      objectReference: {fileID: 0}
    - target: {fileID: -4216859302048453862, guid: 69bdd0246ef5d964bafd0ffdf041d614,
        type: 3}
      propertyPath: m_LocalPosition.z
      value: 0
      objectReference: {fileID: 0}
    - target: {fileID: -4216859302048453862, guid: 69bdd0246ef5d964bafd0ffdf041d614,
        type: 3}
      propertyPath: m_LocalRotation.x
      value: 1
      objectReference: {fileID: 0}
    - target: {fileID: -4216859302048453862, guid: 69bdd0246ef5d964bafd0ffdf041d614,
        type: 3}
      propertyPath: m_LocalRotation.y
      value: -0
      objectReference: {fileID: 0}
    - target: {fileID: -4216859302048453862, guid: 69bdd0246ef5d964bafd0ffdf041d614,
        type: 3}
      propertyPath: m_LocalRotation.z
      value: -0
      objectReference: {fileID: 0}
    - target: {fileID: -4216859302048453862, guid: 69bdd0246ef5d964bafd0ffdf041d614,
        type: 3}
      propertyPath: m_LocalRotation.w
      value: 0
      objectReference: {fileID: 0}
    - target: {fileID: -4216859302048453862, guid: 69bdd0246ef5d964bafd0ffdf041d614,
        type: 3}
      propertyPath: m_RootOrder
      value: 0
      objectReference: {fileID: 0}
    - target: {fileID: -4216859302048453862, guid: 69bdd0246ef5d964bafd0ffdf041d614,
        type: 3}
      propertyPath: m_LocalEulerAnglesHint.x
      value: 0
      objectReference: {fileID: 0}
    - target: {fileID: -4216859302048453862, guid: 69bdd0246ef5d964bafd0ffdf041d614,
        type: 3}
      propertyPath: m_LocalEulerAnglesHint.y
      value: 180
      objectReference: {fileID: 0}
    - target: {fileID: -4216859302048453862, guid: 69bdd0246ef5d964bafd0ffdf041d614,
        type: 3}
      propertyPath: m_LocalEulerAnglesHint.z
      value: 0
      objectReference: {fileID: 0}
    - target: {fileID: -4216859302048453862, guid: 69bdd0246ef5d964bafd0ffdf041d614,
        type: 3}
      propertyPath: m_LocalScale.z
      value: 0.05
      objectReference: {fileID: 0}
    - target: {fileID: -4216859302048453862, guid: 69bdd0246ef5d964bafd0ffdf041d614,
        type: 3}
      propertyPath: m_LocalScale.x
      value: 0.07818113
      objectReference: {fileID: 0}
    - target: {fileID: -4216859302048453862, guid: 69bdd0246ef5d964bafd0ffdf041d614,
        type: 3}
      propertyPath: m_LocalScale.y
      value: 0.0829757
      objectReference: {fileID: 0}
    - target: {fileID: -1504981713932161579, guid: 69bdd0246ef5d964bafd0ffdf041d614,
        type: 3}
      propertyPath: m_Materials.Array.data[0]
      value: 
      objectReference: {fileID: 2100000, guid: 2586ec9ab3cf2984c88f1d624bd8b361, type: 2}
    m_RemovedComponents: []
  m_SourcePrefab: {fileID: 100100000, guid: 69bdd0246ef5d964bafd0ffdf041d614, type: 3}
--- !u!4 &1412045859 stripped
Transform:
  m_CorrespondingSourceObject: {fileID: -4216859302048453862, guid: 69bdd0246ef5d964bafd0ffdf041d614,
    type: 3}
  m_PrefabInstance: {fileID: 1412045858}
  m_PrefabAsset: {fileID: 0}
--- !u!1001 &1445537564
PrefabInstance:
  m_ObjectHideFlags: 0
  serializedVersion: 2
  m_Modification:
    m_TransformParent: {fileID: 0}
    m_Modifications:
    - target: {fileID: 153878, guid: 7a135b1a2cb9c8f488d4dd00c55ab283, type: 3}
      propertyPath: m_Name
      value: Teleporting (2)
      objectReference: {fileID: 0}
    - target: {fileID: 475244, guid: 7a135b1a2cb9c8f488d4dd00c55ab283, type: 3}
      propertyPath: m_LocalPosition.x
      value: 8.614806
      objectReference: {fileID: 0}
    - target: {fileID: 475244, guid: 7a135b1a2cb9c8f488d4dd00c55ab283, type: 3}
      propertyPath: m_LocalPosition.y
      value: 4.873096
      objectReference: {fileID: 0}
    - target: {fileID: 475244, guid: 7a135b1a2cb9c8f488d4dd00c55ab283, type: 3}
      propertyPath: m_LocalPosition.z
      value: 0.15061092
      objectReference: {fileID: 0}
    - target: {fileID: 475244, guid: 7a135b1a2cb9c8f488d4dd00c55ab283, type: 3}
      propertyPath: m_LocalRotation.x
      value: -0
      objectReference: {fileID: 0}
    - target: {fileID: 475244, guid: 7a135b1a2cb9c8f488d4dd00c55ab283, type: 3}
      propertyPath: m_LocalRotation.y
      value: -0
      objectReference: {fileID: 0}
    - target: {fileID: 475244, guid: 7a135b1a2cb9c8f488d4dd00c55ab283, type: 3}
      propertyPath: m_LocalRotation.z
      value: -0
      objectReference: {fileID: 0}
    - target: {fileID: 475244, guid: 7a135b1a2cb9c8f488d4dd00c55ab283, type: 3}
      propertyPath: m_LocalRotation.w
      value: 1
      objectReference: {fileID: 0}
    - target: {fileID: 475244, guid: 7a135b1a2cb9c8f488d4dd00c55ab283, type: 3}
      propertyPath: m_RootOrder
      value: 1
      objectReference: {fileID: 0}
    - target: {fileID: 475244, guid: 7a135b1a2cb9c8f488d4dd00c55ab283, type: 3}
      propertyPath: m_LocalEulerAnglesHint.x
      value: 0
      objectReference: {fileID: 0}
    - target: {fileID: 475244, guid: 7a135b1a2cb9c8f488d4dd00c55ab283, type: 3}
      propertyPath: m_LocalEulerAnglesHint.y
      value: 0
      objectReference: {fileID: 0}
    - target: {fileID: 475244, guid: 7a135b1a2cb9c8f488d4dd00c55ab283, type: 3}
      propertyPath: m_LocalEulerAnglesHint.z
      value: 0
      objectReference: {fileID: 0}
    m_RemovedComponents: []
  m_SourcePrefab: {fileID: 100100000, guid: 7a135b1a2cb9c8f488d4dd00c55ab283, type: 3}
--- !u!1 &1502203066
GameObject:
  m_ObjectHideFlags: 0
  m_CorrespondingSourceObject: {fileID: 0}
  m_PrefabInstance: {fileID: 0}
  m_PrefabAsset: {fileID: 0}
  serializedVersion: 6
  m_Component:
  - component: {fileID: 1502203070}
  - component: {fileID: 1502203069}
  - component: {fileID: 1502203068}
  - component: {fileID: 1502203067}
  m_Layer: 0
  m_Name: Open_Defect_Panel
  m_TagString: Untagged
  m_Icon: {fileID: 0}
  m_NavMeshLayer: 0
  m_StaticEditorFlags: 0
  m_IsActive: 1
--- !u!65 &1502203067
BoxCollider:
  m_ObjectHideFlags: 0
  m_CorrespondingSourceObject: {fileID: 0}
  m_PrefabInstance: {fileID: 0}
  m_PrefabAsset: {fileID: 0}
  m_GameObject: {fileID: 1502203066}
  m_Material: {fileID: 0}
  m_IsTrigger: 0
  m_Enabled: 1
  serializedVersion: 2
  m_Size: {x: 1, y: 1, z: 1}
  m_Center: {x: 0, y: 0, z: 0}
--- !u!23 &1502203068
MeshRenderer:
  m_ObjectHideFlags: 0
  m_CorrespondingSourceObject: {fileID: 0}
  m_PrefabInstance: {fileID: 0}
  m_PrefabAsset: {fileID: 0}
  m_GameObject: {fileID: 1502203066}
  m_Enabled: 1
  m_CastShadows: 1
  m_ReceiveShadows: 1
  m_DynamicOccludee: 1
  m_MotionVectors: 1
  m_LightProbeUsage: 1
  m_ReflectionProbeUsage: 1
  m_RayTracingMode: 2
  m_RenderingLayerMask: 1
  m_RendererPriority: 0
  m_Materials:
  - {fileID: 2100000, guid: c551de7e92854f048baf1375d6ec1fce, type: 2}
  m_StaticBatchInfo:
    firstSubMesh: 0
    subMeshCount: 0
  m_StaticBatchRoot: {fileID: 0}
  m_ProbeAnchor: {fileID: 0}
  m_LightProbeVolumeOverride: {fileID: 0}
  m_ScaleInLightmap: 1
  m_ReceiveGI: 1
  m_PreserveUVs: 0
  m_IgnoreNormalsForChartDetection: 0
  m_ImportantGI: 0
  m_StitchLightmapSeams: 1
  m_SelectedEditorRenderState: 3
  m_MinimumChartSize: 4
  m_AutoUVMaxDistance: 0.5
  m_AutoUVMaxAngle: 89
  m_LightmapParameters: {fileID: 0}
  m_SortingLayerID: 0
  m_SortingLayer: 0
  m_SortingOrder: 0
--- !u!33 &1502203069
MeshFilter:
  m_ObjectHideFlags: 0
  m_CorrespondingSourceObject: {fileID: 0}
  m_PrefabInstance: {fileID: 0}
  m_PrefabAsset: {fileID: 0}
  m_GameObject: {fileID: 1502203066}
  m_Mesh: {fileID: 10202, guid: 0000000000000000e000000000000000, type: 0}
--- !u!4 &1502203070
Transform:
  m_ObjectHideFlags: 0
  m_CorrespondingSourceObject: {fileID: 0}
  m_PrefabInstance: {fileID: 0}
  m_PrefabAsset: {fileID: 0}
  m_GameObject: {fileID: 1502203066}
  m_LocalRotation: {x: 0, y: -0.2588191, z: 0.9659258, w: 0}
  m_LocalPosition: {x: 1.93, y: -0.601, z: 10.064}
  m_LocalScale: {x: 2, y: 1.7, z: 0.01}
  m_Children:
  - {fileID: 1623351920}
  m_Father: {fileID: 0}
  m_RootOrder: 10
  m_LocalEulerAnglesHint: {x: 30, y: 0, z: 180}
--- !u!1 &1502267986
GameObject:
  m_ObjectHideFlags: 0
  m_CorrespondingSourceObject: {fileID: 0}
  m_PrefabInstance: {fileID: 0}
  m_PrefabAsset: {fileID: 0}
  serializedVersion: 6
  m_Component:
  - component: {fileID: 1502267990}
  - component: {fileID: 1502267989}
  - component: {fileID: 1502267988}
  - component: {fileID: 1502267987}
  m_Layer: 0
  m_Name: My_Metrices_Back_Icon
  m_TagString: Untagged
  m_Icon: {fileID: 0}
  m_NavMeshLayer: 0
  m_StaticEditorFlags: 0
  m_IsActive: 1
--- !u!65 &1502267987
BoxCollider:
  m_ObjectHideFlags: 0
  m_CorrespondingSourceObject: {fileID: 0}
  m_PrefabInstance: {fileID: 0}
  m_PrefabAsset: {fileID: 0}
  m_GameObject: {fileID: 1502267986}
  m_Material: {fileID: 0}
  m_IsTrigger: 0
  m_Enabled: 1
  serializedVersion: 2
  m_Size: {x: 1, y: 1, z: 1}
  m_Center: {x: 0, y: 0, z: 0}
--- !u!23 &1502267988
MeshRenderer:
  m_ObjectHideFlags: 0
  m_CorrespondingSourceObject: {fileID: 0}
  m_PrefabInstance: {fileID: 0}
  m_PrefabAsset: {fileID: 0}
  m_GameObject: {fileID: 1502267986}
  m_Enabled: 1
  m_CastShadows: 1
  m_ReceiveShadows: 1
  m_DynamicOccludee: 1
  m_MotionVectors: 1
  m_LightProbeUsage: 1
  m_ReflectionProbeUsage: 1
  m_RayTracingMode: 2
  m_RenderingLayerMask: 1
  m_RendererPriority: 0
  m_Materials:
  - {fileID: 2100000, guid: 7982bea2c83ed0148996b645630ce022, type: 2}
  m_StaticBatchInfo:
    firstSubMesh: 0
    subMeshCount: 0
  m_StaticBatchRoot: {fileID: 0}
  m_ProbeAnchor: {fileID: 0}
  m_LightProbeVolumeOverride: {fileID: 0}
  m_ScaleInLightmap: 1
  m_ReceiveGI: 1
  m_PreserveUVs: 0
  m_IgnoreNormalsForChartDetection: 0
  m_ImportantGI: 0
  m_StitchLightmapSeams: 1
  m_SelectedEditorRenderState: 3
  m_MinimumChartSize: 4
  m_AutoUVMaxDistance: 0.5
  m_AutoUVMaxAngle: 89
  m_LightmapParameters: {fileID: 0}
  m_SortingLayerID: 0
  m_SortingLayer: 0
  m_SortingOrder: 0
--- !u!33 &1502267989
MeshFilter:
  m_ObjectHideFlags: 0
  m_CorrespondingSourceObject: {fileID: 0}
  m_PrefabInstance: {fileID: 0}
  m_PrefabAsset: {fileID: 0}
  m_GameObject: {fileID: 1502267986}
  m_Mesh: {fileID: 10202, guid: 0000000000000000e000000000000000, type: 0}
--- !u!4 &1502267990
Transform:
  m_ObjectHideFlags: 0
  m_CorrespondingSourceObject: {fileID: 0}
  m_PrefabInstance: {fileID: 0}
  m_PrefabAsset: {fileID: 0}
  m_GameObject: {fileID: 1502267986}
  m_LocalRotation: {x: 0, y: 0.7071068, z: 0, w: 0.7071068}
  m_LocalPosition: {x: -4.61, y: 3.24, z: 17}
  m_LocalScale: {x: 0, y: 2, z: 2}
  m_Children: []
  m_Father: {fileID: 0}
  m_RootOrder: 14
  m_LocalEulerAnglesHint: {x: 0, y: 90, z: 0}
--- !u!1 &1591333780
GameObject:
  m_ObjectHideFlags: 0
  m_CorrespondingSourceObject: {fileID: 0}
  m_PrefabInstance: {fileID: 0}
  m_PrefabAsset: {fileID: 0}
  serializedVersion: 6
  m_Component:
  - component: {fileID: 1591333784}
  - component: {fileID: 1591333783}
  - component: {fileID: 1591333782}
  - component: {fileID: 1591333781}
  m_Layer: 0
  m_Name: Open_Task_Panel
  m_TagString: Untagged
  m_Icon: {fileID: 0}
  m_NavMeshLayer: 0
  m_StaticEditorFlags: 0
  m_IsActive: 1
--- !u!65 &1591333781
BoxCollider:
  m_ObjectHideFlags: 0
  m_CorrespondingSourceObject: {fileID: 0}
  m_PrefabInstance: {fileID: 0}
  m_PrefabAsset: {fileID: 0}
  m_GameObject: {fileID: 1591333780}
  m_Material: {fileID: 0}
  m_IsTrigger: 0
  m_Enabled: 1
  serializedVersion: 2
  m_Size: {x: 1, y: 1, z: 1}
  m_Center: {x: 0, y: 0, z: 0}
--- !u!23 &1591333782
MeshRenderer:
  m_ObjectHideFlags: 0
  m_CorrespondingSourceObject: {fileID: 0}
  m_PrefabInstance: {fileID: 0}
  m_PrefabAsset: {fileID: 0}
  m_GameObject: {fileID: 1591333780}
  m_Enabled: 1
  m_CastShadows: 1
  m_ReceiveShadows: 1
  m_DynamicOccludee: 1
  m_MotionVectors: 1
  m_LightProbeUsage: 1
  m_ReflectionProbeUsage: 1
  m_RayTracingMode: 2
  m_RenderingLayerMask: 1
  m_RendererPriority: 0
  m_Materials:
  - {fileID: 2100000, guid: c551de7e92854f048baf1375d6ec1fce, type: 2}
  m_StaticBatchInfo:
    firstSubMesh: 0
    subMeshCount: 0
  m_StaticBatchRoot: {fileID: 0}
  m_ProbeAnchor: {fileID: 0}
  m_LightProbeVolumeOverride: {fileID: 0}
  m_ScaleInLightmap: 1
  m_ReceiveGI: 1
  m_PreserveUVs: 0
  m_IgnoreNormalsForChartDetection: 0
  m_ImportantGI: 0
  m_StitchLightmapSeams: 1
  m_SelectedEditorRenderState: 3
  m_MinimumChartSize: 4
  m_AutoUVMaxDistance: 0.5
  m_AutoUVMaxAngle: 89
  m_LightmapParameters: {fileID: 0}
  m_SortingLayerID: 0
  m_SortingLayer: 0
  m_SortingOrder: 0
--- !u!33 &1591333783
MeshFilter:
  m_ObjectHideFlags: 0
  m_CorrespondingSourceObject: {fileID: 0}
  m_PrefabInstance: {fileID: 0}
  m_PrefabAsset: {fileID: 0}
  m_GameObject: {fileID: 1591333780}
  m_Mesh: {fileID: 10202, guid: 0000000000000000e000000000000000, type: 0}
--- !u!4 &1591333784
Transform:
  m_ObjectHideFlags: 0
  m_CorrespondingSourceObject: {fileID: 0}
  m_PrefabInstance: {fileID: 0}
  m_PrefabAsset: {fileID: 0}
  m_GameObject: {fileID: 1591333780}
  m_LocalRotation: {x: 0, y: -0.2588191, z: 0.9659258, w: 0}
  m_LocalPosition: {x: 0.23, y: -0.601, z: 10.064}
  m_LocalScale: {x: 2, y: 1.7, z: 0.01}
  m_Children:
  - {fileID: 1083530836}
  m_Father: {fileID: 0}
  m_RootOrder: 9
  m_LocalEulerAnglesHint: {x: 30, y: 0, z: 180}
--- !u!1001 &1623351919
PrefabInstance:
  m_ObjectHideFlags: 0
  serializedVersion: 2
  m_Modification:
    m_TransformParent: {fileID: 1502203070}
    m_Modifications:
    - target: {fileID: -927199367670048503, guid: 95c1f0cfa316f004a95fb5fafb762723,
        type: 3}
      propertyPath: m_Name
      value: Open_Defect
      objectReference: {fileID: 0}
    - target: {fileID: -4216859302048453862, guid: 95c1f0cfa316f004a95fb5fafb762723,
        type: 3}
      propertyPath: m_LocalPosition.x
      value: 0.28399998
      objectReference: {fileID: 0}
    - target: {fileID: -4216859302048453862, guid: 95c1f0cfa316f004a95fb5fafb762723,
        type: 3}
      propertyPath: m_LocalPosition.y
      value: -0.11999999
      objectReference: {fileID: 0}
    - target: {fileID: -4216859302048453862, guid: 95c1f0cfa316f004a95fb5fafb762723,
        type: 3}
      propertyPath: m_LocalPosition.z
      value: 0.39892197
      objectReference: {fileID: 0}
    - target: {fileID: -4216859302048453862, guid: 95c1f0cfa316f004a95fb5fafb762723,
        type: 3}
      propertyPath: m_LocalRotation.x
      value: 1
      objectReference: {fileID: 0}
    - target: {fileID: -4216859302048453862, guid: 95c1f0cfa316f004a95fb5fafb762723,
        type: 3}
      propertyPath: m_LocalRotation.y
      value: -0
      objectReference: {fileID: 0}
    - target: {fileID: -4216859302048453862, guid: 95c1f0cfa316f004a95fb5fafb762723,
        type: 3}
      propertyPath: m_LocalRotation.z
      value: -0
      objectReference: {fileID: 0}
    - target: {fileID: -4216859302048453862, guid: 95c1f0cfa316f004a95fb5fafb762723,
        type: 3}
      propertyPath: m_LocalRotation.w
      value: 0
      objectReference: {fileID: 0}
    - target: {fileID: -4216859302048453862, guid: 95c1f0cfa316f004a95fb5fafb762723,
        type: 3}
      propertyPath: m_RootOrder
      value: 0
      objectReference: {fileID: 0}
    - target: {fileID: -4216859302048453862, guid: 95c1f0cfa316f004a95fb5fafb762723,
        type: 3}
      propertyPath: m_LocalEulerAnglesHint.x
      value: 0
      objectReference: {fileID: 0}
    - target: {fileID: -4216859302048453862, guid: 95c1f0cfa316f004a95fb5fafb762723,
        type: 3}
      propertyPath: m_LocalEulerAnglesHint.y
      value: 180
      objectReference: {fileID: 0}
    - target: {fileID: -4216859302048453862, guid: 95c1f0cfa316f004a95fb5fafb762723,
        type: 3}
      propertyPath: m_LocalEulerAnglesHint.z
      value: 0
      objectReference: {fileID: 0}
    - target: {fileID: -4216859302048453862, guid: 95c1f0cfa316f004a95fb5fafb762723,
        type: 3}
      propertyPath: m_LocalScale.z
      value: 0.05
      objectReference: {fileID: 0}
    - target: {fileID: -4216859302048453862, guid: 95c1f0cfa316f004a95fb5fafb762723,
        type: 3}
      propertyPath: m_LocalScale.x
      value: 0.078181125
      objectReference: {fileID: 0}
    - target: {fileID: -4216859302048453862, guid: 95c1f0cfa316f004a95fb5fafb762723,
        type: 3}
      propertyPath: m_LocalScale.y
      value: 0.0829757
      objectReference: {fileID: 0}
    - target: {fileID: -1504981713932161579, guid: 95c1f0cfa316f004a95fb5fafb762723,
        type: 3}
      propertyPath: m_Materials.Array.data[0]
      value: 
      objectReference: {fileID: 2100000, guid: 2586ec9ab3cf2984c88f1d624bd8b361, type: 2}
    m_RemovedComponents: []
  m_SourcePrefab: {fileID: 100100000, guid: 95c1f0cfa316f004a95fb5fafb762723, type: 3}
--- !u!4 &1623351920 stripped
Transform:
  m_CorrespondingSourceObject: {fileID: -4216859302048453862, guid: 95c1f0cfa316f004a95fb5fafb762723,
    type: 3}
  m_PrefabInstance: {fileID: 1623351919}
  m_PrefabAsset: {fileID: 0}
